2844 4928
211 297 254 362 82
474 330 475 335 κ
671 320 747 367 mus
771 322 875 368 aaron.

212 499 375 573 mentem,
406 493 664 560 instaurandam
690 517 766 562 esse
796 488 839 578 ei,
869 496 987 562 Aenea
1015 495 1182 585 profecto,
1214 497 1337 582 vitam,

213 622 317 690 quam
341 605 443 666 antea
467 600 635 689 degerit¹,
663 604 801 669 tametsi
827 608 861 669 et
890 591 1042 689 regnum*
1064 604 1278 687 curandum,
1309 610 1341 672 et

212 708 295 775 urbs
316 707 570 791 constituenda,
594 714 627 776 et
643 710 743 776 Anna
765 711 873 776 amica
894 711 1053 799 supersit.
1079 709 1147 777 Sed
1173 711 1243 777 ista
1270 733 1341 780 me-

211 816 277 881 lius
294 837 398 904 quam
414 836 478 903 ego
494 815 624 905 possim
642 818 809 906 expressit
822 821 937 906 poeta,
954 817 1014 895 illo
1032 816 1174 883 Didonis
1191 819 1341 886 conficto

212 922 357 1002 somnia,
379 944 448 1010 quo
473 921 667 989 solitudinis
687 923 791 988 istum
811 924 910 1012 quasi
930 923 1112 1012 puerilem,
1135 926 1340 1015 potantissi-

212 1050 308 1095 mum
326 1033 454 1110 tamen,
476 1031 623 1112 metum,
649 1034 720 1095 tam
740 1030 854 1096 vivide
873 1031 1170 1120 repraesentavit:

738 1259 810 1325 Agit
826 1260 890 1324 ipse
906 1260 1052 1312 furentem

415 1338 446 1389 in
460 1337 574 1390 somnis
588 1337 668 1391 ferus
683 1342 816 1402 Aeneas;
831 1353 985 1404 semperque
999 1340 1116 1405 relinqui

412 1420 471 1469 solu
484 1418 545 1476 sibi,
560 1433 664 1482 semper
681 1420 788 1483 tanqam
800 1420 957 1469 incomitata
972 1414 1078 1468 uidetur

413 1499 453 1549 ire
467 1499 540 1548 aiom
554 1505 577 1549 et
588 1499 683 1563 Tyrios
698 1499 802 1550 deserto
816 1514 943 1564 quaerere
955 1507 1026 1548 terra
1035 1503 1054 1547 ².

255 1687 355 1754 Nunc
370 1692 490 1754 ,autem
505 1688 605 1753 nobis
624 1687 870 1777 inquirendum
889 1687 974 1776 quid
992 1687 1027 1752 in
1047 1687 1100 1751 his
1114 1686 1268 1775 querelis
1280 1691 1341 1753 aut

210 1795 373 1885 precibus
388 1795 433 1861 ab
452 1794 627 1884 Euripidis
643 1793 777 1878 Medea,
794 1793 1038 1884 Apolloniique
1058 1792 1253 1882 Hypsipyle
1276 1792 1341 1860 Ca-

211 1901 357 1990 tullique
386 1899 508 1969 Medea
536 1900 710 1988 Vergilius
740 1901 933 1989 extraxerit.
972 1901 1129 1988 Namque
1168 1898 1217 1964 ihi
1249 1900 1340 1966 nihil

211 2009 350 2074 omnino
370 2031 411 2073 ex
425 2007 601 2074 homerica
616 2007 807 2098 Calqpsone
823 2007 878 2073 vel
898 2005 996 2074 Circa
1015 2006 1212 2073 ducendum
1228 2006 1338 2074 fuisse

211 2117 435 2207 perspicuum
455 2120 516 2182 est.
541 2114 609 2182 Sed
630 2115 673 2181 de
694 2116 770 2182 aliis
785 2138 922 2205 quoque
943 2115 1163 2205 paucissima.

256 2223 422 2290 Irascitur
436 2224 525 2289 enim
541 2225 612 2289 sive
635 2223 882 2313 Apolloniam,
910 2223 981 2290 sive
1002 2222 1191 2312 Euripides
1214 2223 1342 2291 Medea

211 2331 325 2423 potius
345 2352 450 2420 quam
469 2329 575 2397 dolet.
600 2330 669 2396 Nec
689 2331 837 2412 mirum3
860 2331 989 2420 quippe
1010 2331 1064 2396 cui
1084 2335 1122 2396 ut
1145 2329 1253 2395 nimia
1284 2351 1341 2396 su·

210 2436 333 2528 perbia
353 2436 459 2528 (apud
477 2441 663 2526 utrumque
692 2436 843 2527 poetam)
872 2437 965 2518 insit,
995 2458 1190 2527 parumque
1219 2436 1340 2503 animo

211 2545 332 2610 insitus
351 2545 394 2610 sit
415 2543 521 2634 (apud
540 2544 764 2633 Apollonium
784 2542 918 2632 saltem)
935 2564 1017 2628 erga
1036 2542 1200 2610 lasonem
1217 2563 1336 2625 amor,

211 2653 319 2719 -ita
339 2652 483 2718 nimium
508 2673 632 2738 graves
651 2650 841 2717 ulciscendi
860 2671 983 2716 causae
1010 2649 1114 2741 (apud
1133 2650 1342 2740 Euripidem
1395 2726 1401 2736 ⁸

210 2759 408 2849 praecipue)
438 2758 624 2825 derelictae
651 2757 787 2825 lasonis
803 2755 911 2824 'uxori
936 2762 1139 2848 suppetant,
1167 2748 1274 2846 quam
1302 2763 1342 2826 ut

211 2866 422 2933 descendere
451 2865 496 2932 ad
524 2866 585 2932 illa
612 2864 820 2956 postulanda
850 2866 1073 2955 possitquae
1099 2864 1188 2931 Dido
1217 2873 1344 2934 contra

209 2995 456 3064 perpessuram
477 2995 513 3040 se
528 2974 678 3040 libenter
697 2972 860 3054 declaret,
882 2972 1069 3039 dummodo
1088 2973 1144 3039 vel
1162 2972 1343 3041 tantillum

212 3081 372 3148 annuerit
390 3082 525 3147 Aeneas
546 3081 669 3148 oranti.
691 3080 849 3149 Medeam
868 3080 986 3166 igitur,
1007 3085 1080 3146 tum
1095 3080 1139 3146 ab
1154 3079 1341 3170 Euripide,

212 3289 313 3349 experto
328 3289 375 3345 est,
392 3285 552 3335 calamitatem
569 3286 682 3348 perculsa
695 3288 784 3348 stupet.
801 3284 866 3333 ldem
879 3284 1075 3334 affectusevers.
1091 3283 1137 3332 586
1153 3297 1208 3346 sqq.
1223 3284 1319 3334 eminet
1337 3301 1343 3336 :

467 3419 550 3474 Regina
563 3431 575 3462 o
585 3418 682 3473 speculis
693 3423 717 3461 ut
728 3418 824 3472 primum
847 3417 958 3460 albescere
972 3417 1044 3459 lucem

466 3482 523 3526 vidit
535 3488 557 3524 et
569 3481 670 3536 aequatis
684 3481 778 3523 classem
789 3481 908 3535 procedere
919 3481 983 3533 velis,
1074 3526 1080 3539 .

466 3545 574 3601 litoraque
584 3551 605 3588 et
616 3557 698 3587 vacuos
710 3544 782 3586 sensit
796 3544 844 3586 sine
858 3545 940 3599 remige
954 3549 1069 3598 portus...

158 3690 162 3699 ·
213 3686 284 3734 quem
298 3672 377 3720 locum
394 3687 457 3720 unus
467 3671 591 3735 praeclare
607 3669 739 3718 illustravit
753 3670 912 3718 Pannonian:
925 3688 937 3714 a
948 3668 995 3718 Cur
1006 3669 1045 3717 hic
1059 3667 1162 3719 sensit?
1176 3667 1236 3717 Nam
1248 3669 1290 3718 ubi
1304 3672 1344 3720 oi-

212 3742 290 3792 derat
304 3743 406 3792 classem
423 3746 570 3806 provectam,
587 3742 692 3790 litoraet
707 3745 792 3803 portus
811 3755 864 3789 esse
885 3755 976 3789 vacuos
996 3741 1049 3804 ipse
1069 3741 1210 3803 intellegere
1231 3746 1343 3802 poterat.
1386 3799 1388 3802 y

214 3815 301 3864 Sensit
316 3815 428 3863 nimirum
443 3821 480 3864 est
495 3835 507 3859 «
522 3828 575 3863 cum
587 3813 660 3862 tacito
676 3827 704 3861 ac
714 3812 783 3874 gravi
799 3826 906 3861 maerore
921 3806 1006 3861 cernit.
1024 3831 1035 3856 a
1053 3813 1082 3860 Et
1096 3816 1133 3860 est
1147 3811 1202 3860 talis
1217 3811 1343 3879 solitudo,

213 3887 254 3934 ubi
270 3887 342 3948 paulo
358 3891 413 3934 aute
428 3891 496 3950 grata
511 3890 535 3934 et
550 3885 633 3934 hilaris
646 3889 697 3932 erat
710 3884 854 3947 frequentia,
871 3884 1021 3932 adsensum
1038 3884 1187 3932 tristissime.
1206 3901 1217 3926 »

244 3957 266 4008 1.
284 3957 320 4008 Cf.
336 3957 376 4016 lV,
393 3959 439 4006 550
457 3973 462 4005 :
479 3959 571 4021 Degere
586 3969 652 4004 more
666 3956 748 4018 ferae.
771 3980 801 3989 —
824 3954 859 4002 De
878 3955 961 4005 verbis
986 3955 1054 4014 istis,
1077 3968 1180 4017 quorum
1204 3967 1294 4002 sensus
1316 3958 1344 4006 in

212 4029 310 4078 multam
326 4030 527 4092 disceptationem
544 4029 619 4085 venit,
636 4028 693 4075 vide
711 4027 783 4084 inira,
800 4040 842 4073 ru.
1064 4030 1072 4047 ·

246 4101 269 4149 2.
287 4101 505 4164 alteramquoque
521 4099 638 4149 moriendi
654 4113 708 4146 esse
731 4112 827 4146 causam
851 4097 940 4145 Didoni
964 4096 1088 4160 Vergilius
1113 4100 1193 4146 monet
1218 4111 1223 4144 :
1249 4099 1344 4150 tamam

213 4173 307 4221 scilicet
328 4171 378 4235 (IV,
399 4171 517 4233 321-322;
537 4173 569 4222 ct.
588 4169 633 4218 173
653 4184 717 4233 sqq,
739 4169 783 4219 191
805 4169 880 4232 sqq).
907 4169 956 4217 Sed
979 4168 1044 4216 illam
1068 4169 1146 4217 obiter
1170 4171 1343 4221 tantummodo

213 4244 317 4305 attingit,
333 4258 412 4307 neque
427 4244 547 4292 Didonem
562 4242 669 4304 dignitas
683 4256 728 4289 sua
747 4240 879 4303 praecipue
894 4240 924 4288 ad
946 4240 1105 4288 voluntariam
1127 4240 1165 4287 sui
1185 4253 1269 4288 necem
1293 4242 1344 4290 ad-

212 4315 289 4375 ducit,
305 4316 347 4364 sed
363 4315 441 4365 dolor.
458 4315 494 4364 ct.
511 4314 551 4373 lV,
563 4313 626 4362 474:
644 4313 705 4374 Ergo
719 4313 759 4360 ubi
772 4313 885 4374 concepit
905 4312 981 4359 turias
993 4312 1076 4360 euicta
1093 4309 1190 4361 dolore.
1202 4338 1233 4347 —
1247 4311 1343 4376 Dispu-

211 4385 305 4438 labitur
318 4387 381 4436 infra
394 4401 450 4435 num
464 4387 546 4436 inesse
558 4384 681 4448 quandam
691 4383 781 4431 Didoni
791 4383 886 4446 peccati
896 4382 1070 4432 conscientiam
1083 4381 1206 4445 Vergilius
1219 4382 1340 4436 voluerit.
