2844 4928
573 342 673 389 carur
697 343 847 390 rrurtuu.
1231 316 1274 382 87

145 514 316 624 scandere
326 524 348 598 ¹,
363 515 473 581 -vix
487 517 649 583 tamenin
665 520 816 582 mentem
830 514 931 582 nobis
947 514 1065 580 venire
1080 516 1207 604 potest,
1223 512 1275 577 fe·

144 623 279 690 minam
297 621 403 706 hanc,
424 622 563 699 Aeneae
585 621 672 688 adeo
692 625 726 688 et
745 621 860 688 animo
881 627 915 689 et
933 643 1078 712 corpore
1099 619 1272 701 devotam,

145 735 297 797 mortem
317 730 349 796 ei
368 728 544 796 crudelem
564 734 668 819 atque
687 727 880 817 ignobilem
898 729 1012 819 primo
1032 731 1153 818 optare
1176 749 1183 796 :

275 924 363 990 Spero
378 924 515 990 equidem
528 924 642 987 mediis,
658 925 684 977 si
699 924 769 991 quid
785 925 833 990 pia
846 923 970 978 numina
986 926 1121 990 possunt,

276 1004 420 1071 supplicia
434 1005 599 1058 hausurum
614 1005 757 1071 scopulis;

145 1178 256 1244 immo
270 1176 385 1259 etiam,
397 1181 469 1242 tam
479 1175 577 1242 brevi
590 1181 748 1266 tempore
762 1175 970 1259 intermissu,
986 1164 1169 1266 deplorare
1182 1170 1277 1262 quod

146 1287 302 1373 nequeat

447 1389 604 1454 abreptum
619 1387 756 1443 divellere
769 1401 875 1454 corpus
890 1393 919 1442 et
933 1388 1021 1441 undis

308 1481 457 1535 spargere,
472 1482 533 1522 non
549 1470 653 1535 socius,
666 1483 728 1523 non
743 1471 841 1534 ipsum
854 1471 1010 1521 absumere
1024 1468 1099 1520 terro

307 1552 478 1612 Ascanium,
493 1550 656 1617 patriisque
671 1550 850 1617 epulandum
865 1560 973 1614 ponere
988 1548 1135 1602 mensis...

150 1720 247 1804 Quid
267 1721 333 1791 sibi
357 1727 499 1788 cruenta
522 1721 588 1788 ista
614 1721 747 1787 somnia
766 1720 911 1786 volunt‘l
934 1720 1108 1786 Tantaene
1135 1718 1278 1785 tenerri-

148 1829 217 1895 mis
252 1828 374 1898 animis
407 1829 496 1895 irae!
534 1827 705 1896 Mitiorem
739 1826 894 1916 profecto
933 1832 967 1893 et
1008 1825 1277 1892 moderatiorem

147 1934 306 2002 Ariadna
326 1957 361 2001 se
382 1939 546 2024 praestat,
574 1955 677 2022 quam
697 1935 810 1999 minus
830 1939 946 2000 tamen
959 1933 1174 2000 moderatam
1186 1954 1274 2014 esse,

151 2040 288 2128 majore
307 2041 435 2128 injuria
460 2040 591 2107 laesam
616 2045 650 2105 et
669 2040 838 2126 majorem
863 2040 897 2105 in
919 2060 1120 2106 aerumnam
1144 2040 1278 2105 demer-

153 2169 242 2229 sam,
264 2148 406 2216 liceat...
425 2146 562 2237 Quippe
576 2168 664 2236 quae
685 2147 729 2213 ab
742 2147 992 2214 Eumenidibus
1004 2146 1179 2236 postulata
1193 2168 1277 2235 sup-

150 2254 257 2344 plicia
275 2276 344 2321 non
365 2259 437 2321 tam
457 2254 558 2320 certis
582 2253 699 2321 verbis
728 2254 911 2341 designare
930 2277 1043 2345 neque
1067 2260 1138 2320 tam
1167 2253 1278 2320 saevis

150 2361 241 2428 votis
263 2360 407 2428 definire
423 2366 520 2428 curet
542 2384 550 2430 ε

325 2558 398 2619 Huc,
412 2555 470 2608 huc
485 2555 652 2619 adventate,
669 2569 751 2610 meas
766 2557 866 2610 audite
881 2556 1025 2622 querellas

324 2640 418 2698 <et>
432 2635 513 2702 quali
529 2636 621 2688 solam
636 2637 768 2689 Theseus
783 2650 830 2689 me
846 2642 945 2689 mente
962 2636 1084 2702 reliquit

326 2716 377 2769 tati
391 2721 499 2778 mente,
515 2719 601 2780 Deae,
618 2717 750 2769 funestet
762 2729 853 2783 seque
868 2717 1023 2782 suosque’.

154 2885 327 2953 Catullum
351 2891 466 2953 tamen
489 2887 538 2953 ibi
558 2886 735 2973 Vergilius
759 2888 870 2954 noluit
895 2888 1012 2976 sequi,
1040 2885 1279 2976 Euripideum-

154 3015 222 3082 que
251 2998 311 3059 aut
337 2993 624 3083 Apollonianam³
651 2994 810 3063 Medeam
838 2993 966 3060 referre
993 2995 1107 3082 potius
1139 2993 1276 3076 habuit;

155 3121 261 3188 quam
279 3106 407 3183 tamen,
429 3123 508 3167 cum
527 3107 651 3168 natura
671 3100 920 3190 superbissima
935 3100 991 3184 sit,
1013 3104 1046 3166 et
1065 3100 1205 3166 ultionis
1222 3123 1281 3190 ap-

153 3211 276 3296 petens
288 3207 311 3288 ⁴,
341 3211 374 3273 et
398 3207 487 3292 fera,
510 3209 696 3299 propterea
724 3208 835 3294 magis
855 3207 1041 3279 verisimile
1069 3212 1120 3273 est
1144 3208 1179 3274 in
1203 3212 1280 3273 tan-

154 3318 207 3379 tas
226 3313 349 3380 iratam
369 3314 657 3382 debacchationes
679 3312 804 3405 abripi.

186 3578 209 3629 l.
226 3578 291 3642 Ipsis
305 3584 385 3628 autem
400 3581 527 3630 vocabulis
537 3581 634 3644 *quibus
649 3582 712 3630 Dido
730 3582 838 3630 Aeneam
853 3581 963 3630 vicissim
979 3580 1118 3644 compellat,
1139 3581 1280 3630 increscens

153 3649 191 3697 ira
207 3651 366 3712 significatur.
382 3650 423 3708 IV,
440 3651 488 3699 323
503 3669 509 3703 :
527 3651 635 3716 bospee;
648 3652 688 3712 lV,
704 3653 750 3701 424
767 3667 773 3700 :
790 3651 882 3700 bustis.
897 3652 989 3714 Nempe
1009 3652 1034 3700 in
1054 3652 1191 3714 posteriore
1206 3667 1279 3702 versu

152 3734 202 3768 non
216 3721 340 3770 veteribus
355 3723 533 3785 interpretibus
548 3724 673 3772 adsentior
688 3725 728 3787 qui
746 3723 822 3786 (apud
838 3723 923 3784 Saum,
939 3724 955 3772 i.
974 3724 997 3773 h.
1010 3723 1038 3785 l.)
1048 3721 1147 3772 hortem
1160 3724 1280 3786 interpre-

153 3795 264 3840 tarentur
279 3798 392 3856 tanquam
407 3794 550 3852 advenum,
564 3795 745 3859 pereprz'num,
767 3793 904 3856 hospitem.
921 3794 965 3842 Hic
982 3794 1122 3842 meminisse
1139 3795 1209 3844 decet
1227 3794 1282 3844 Gan

154 3862 235 3928 (bip,
248 3862 267 3923 Ι,
283 3878 334 3923 avr,
350 3863 425 3928 234);
442 3884 454 3910 u
473 3864 540 3923 Ques
556 3880 601 3913 uus
622 3865 709 3914 hostes
723 3865 887 3927 appellamus,
904 3879 947 3913 eus
961 3869 1057 3912 veteres
1073 3865 1220 3928 perduelles
1233 3881 1282 3928 up·

154 3933 283 3996 pellebant
297 3949 341 3997 per
355 3950 407 3984 eam
421 3936 584 3998 adjectionem
599 3937 737 3985 indicantes
752 3950 806 3984 cum
822 3936 912 3998 quibus
927 3936 1017 3984 bellum
1032 3941 1106 3987 esset.
1122 3957 1134 3981 »
1152 3937 1181 3987 V.
1197 3952 1280 4000 supra.

154 4018 180 4066 p.
194 4002 233 4066 73,
249 4019 275 4056 n.
292 4007 313 4054 i.

174 4074 210 4130 ⁴2.
228 4076 343 4138 ax1v‚l95
357 4091 411 4141 sqq.

185 4145 210 4196 3.
228 4146 264 4196 Cl.
283 4162 366 4212 supra,
384 4163 408 4210 p.
420 4148 450 4197 53
465 4149 574 4198 additum
590 4153 683 4200 notam.
695 4177 725 4187 -
739 4150 843 4213 Insuper
854 4149 892 4198 his
904 4153 1013 4200 matema
1022 4149 1168 4213 Euripideae
1181 4149 1283 4202 Medeae

156 4218 274 4281 superbia
288 4218 400 4280 laeditur,
418 4233 465 4283 quo
479 4220 556 4283 magis
571 4220 667 4270 efferari
682 4220 792 4271 naturale
808 4225 854 4273 est.

188 4289 393 4355 4.Ar90n.,1v,
409 4306 433 4341 v.
449 4290 560 4341 385-390
578 4306 584 4340 :

762 4395 790 4452 ἐκ
806 4401 831 4453 δέ
846 4419 874 4451 σε
892 4399 987 4466 πάτρης

456 4466 538 4524 αὐτίκ’
553 4468 611 4536 ἐμαί
626 4471 651 4522 c‘
671 4471 786 4525 ἐλάσειαν
806 4472 926 4538 Ἐρινύες,
940 4477 988 4527 etc.
