2844 4928
228 304 269 369 56
684 324 761 369 snas
784 324 887 379 aaron.

272 496 468 566 Simaethae
492 519 630 587 quoque
660 491 883 565 Theocriteae
903 516 1001 563 amor
1020 499 1112 562 totus
1132 516 1152 560 0
1172 495 1347 585 corporeis

226 605 332 673 amati
353 604 527 672 illecebris
556 604 696 694 pendet.
725 605 862 695 Quippe
882 626 987 694 quae,
1009 603 1097 669 festo
1118 601 1273 693 quodam
1294 602 1346 668 die

225 715 291 780 iter
308 712 450 793 iaciens,
467 710 709 796 antecedentes
729 706 895 801 prespicit
913 709 1150 776 adolescentes
1165 709 1248 789 duo,
1271 709 1349 776 Del·
1397 770 1405 777 .

143 871 144 875 ,
226 819 368 909 phidem
399 823 432 885 et
458 818 728 909 Eudamippum.
764 817 835 885 Nec
874 839 987 899 mora,
1028 817 1274 906 prospicientis
1308 853 1349 865 -

226 928 380 993 animum
399 947 441 992 ne
461 926 652 992 dicam‘l-
670 924 802 992 invadit
821 947 929 991 amor.
952 924 1023 991 Sua
1038 923 1202 1014 Delphidi
1222 924 1347 1006 forma,

226 1029 326 1119 vigor
355 1055 437 1099 suus
470 1056 574 1100 causa
601 1037 653 1099 est
681 1037 719 1099 ut
746 1039 896 1106 ametur,
929 1053 992 1098 nec
1021 1033 1208 1121 quicquam
1240 1030 1348 1098 aliud.

224 1140 367 1207 Necnon
393 1146 427 1206 et
453 1142 610 1230 protinus
639 1141 762 1206 morbo
788 1138 965 1206 Simaetha
989 1138 1180 1220 conficitur,
1213 1137 1352 1205 decem-

228 1270 295 1339 que
328 1246 419 1330 dies,
455 1247 576 1314 decem
603 1253 721 1314 noctes
748 1247 955 1333 languescit,
983 1247 1164 1328 macescit‚
1193 1245 1381 1313 defluunt·

169 1402 173 1413 ,
228 1355 356 1444 capilli,
375 1354 448 1423 hile
470 1353 679 1420 suffunditur
702 1354 818 1422 vultus
845 1354 998 1443 croceo¹.
1025 1351 1121 1420 Sicut
1146 1343 1239 1418 enim
1264 1353 1353 1419 tanti

228 1463 354 1530 amoris
377 1484 472 1529 mere
497 1483 664 1552 corporea
688 1483 793 1527 causa
816 1465 883 1544 est,
906 1462 954 1527 ita
973 1481 1140 1551 corporea
1160 1465 1241 1525 sunt
1260 1481 1352 1550 quae

227 1568 308 1635 inde
329 1570 527 1636 oriuntur...
1132 1630 1134 1633 ,

273 1674 576 1760 Catullianaevero
588 1674 762 1742 Ariadnae
779 1674 908 1742 similes
928 1696 1071 1765 prorsus
1091 1674 1353 1765 comperiuntur

153 1796 156 1807 '
228 1783 369 1850 affectus
383 1805 390 1865 3
409 1805 523 1872 neque
536 1802 611 1849 eam
626 1788 769 1872 propter
783 1783 887 1848 aliam
899 1782 999 1849 nobis
1015 1803 1155 1848 oausam
1166 1783 1201 1849 in
1214 1781 1351 1849 Theseo

231 1919 247 1952 «
263 1891 496 1981 suspirantem
514 1917 529 1951 »
542 1896 646 1980 poeta
660 1888 822 1968 ostendit,
836 1889 902 1955 nisi
913 1891 995 1978 quia
1008 1917 1024 1950 «
1037 1889 1146 1955 flavus
1160 1917 1176 1951 u
1187 1888 1247 1954 ille
1261 1894 1315 1956 est
1326 1890 1369 1956 ²..

244 2079 246 2081 ,
272 1996 415 2065 Didonis
444 2003 564 2064 contra
588 2019 656 2063 non
678 1996 779 2062 unice
799 1996 982 2086 capiuntur
1001 1996 1108 2079 oculi,
1135 1995 1251 2062 sedet
1273 1997 1351 2063 ani-

228 2124 323 2171 mum
343 2125 481 2193 quoque
500 2102 581 2169 inde
610 2103 654 2169 ab
679 2103 785 2169 initio
805 2101 1034 2169 misericordia
1059 2109 1102 2197 et
1121 2101 1350 2169 admiratione

228 2211 387 2302 percelli,
421 2233 530 2300 eaque
555 2232 691 2300 quoque
721 2197 851 2277 viaad
873 2211 1025 2277 Aeneam
1049 2211 1149 2300 quasi
1168 2210 1297 2277 attrahi
1317 2215 1351 2276 et

228 2319 362 2409 impelli
393 2317 564 2384 videmus.
589 2317 772 2405 Dejectum
801 2318 892 2384 enim
920 2322 1015 2384 tanta
1044 2317 1155 2404 gloria
1183 2322 1349 2406 tantaque

226 2426 389 2492 felicitate
412 2425 606 2516 principem
625 2425 853 2512 Trojanorum
872 2425 1000 2508 virum,
1022 2429 1194 2492 tantarum
1213 2426 1349 2521 patriae

229 2534 463 2601 calamitatum
482 2537 723 2623 spectatorem,
741 2556 832 2599 nunc
843 2555 926 2598 vero
946 2533 1143 2623 profugum,
1161 2554 1223 2623 per
1238 2533 1351 2599 maria

224 2646 519 2731 tempestatesque
530 2639 681 2707 Deorum
699 2641 752 2706 ira
767 2640 947 2727 jactatum,
960 2641 1108 2706 incertas
1124 2645 1349 2729 quaerentem

227 2749 263 2814 in
289 2749 416 2834 ignotis
446 2748 647 2834 regionibus
675 2746 790 2831 sedes,
822 2748 1006 2816 miseratur
1034 2746 1140 2828 Dido,
1169 2745 1275 2837 idque
1309 2768 1350 2812 eo

227 2857 338 2941 magis
358 2854 452 2944 quod
470 2855 547 2944 ipsa
559 2876 628 2920 non
643 2855 687 2923 sit
702 2852 932 2934 consimilium
952 2875 1195 2920 aerumnarum
1211 2875 1348 2943 expers.

227 2961 271 3028 Et
280 2964 316 3029 in
330 2962 384 3029 his
400 2962 482 3029 satis
498 2963 702 3027 immoratur
717 2961 892 3047 Vergilius
904 2984 948 3026 ne
958 2960 1045 3026 illud
1060 2982 1122 3027 nos
1138 2966 1348 3051 praetereat.

273 3069 417 3137 Miratur
444 3073 561 3135 autem
587 3068 675 3135 Dido
700 3068 742 3134 de
767 3070 886 3135 Aenea
909 3069 1030 3158 plura;
1051 3091 1178 3158 nempe
1198 3069 1352 3158 primum

228 3178 294 3244 viri
313 3177 550 3260 constantiam,
575 3174 699 3242 deinde
719 3176 876 3263 trojanae
894 3176 1018 3261 gestia,
1041 3174 1128 3241 adeo
1147 3173 1353 3266 [101011011-

228 3289 300 3351 tem
319 3289 430 3351 totum
448 3283 608 3372 inclytae,
628 3290 663 3350 et
674 3290 817 3375 propter
834 3283 995 3349 bellicam
1015 3283 1175 3350 virtutem
1196 3280 1240 3348 ab
1264 3282 1352 3373 ipsis

228 3392 388 3462 hostibus
407 3390 568 3457 laudatae
588 3393 745 3458 meminit
766 3417 782 3455 n
803 3391 970 3456 honorem
992 3412 1033 3472 »;
1055 3395 1129 3456 tum
1147 3412 1230 3456 vero
1249 3413 1352 3481 prae-

230 3501 331 3590 cipue
348 3503 486 3589 reputat
504 3500 643 3565 Aeneae
662 3499 772 3588 ipsius
792 3496 955 3580 divinam,
967 3519 1055 3587 quae
1075 3497 1263 3580 ferebatur,
1284 3499 1354 3565 ori·

230 3627 378 3694 gmem:

355 3793 449 3844 Multa
463 3792 519 3844 viri
534 3793 628 3845 virtus
642 3793 750 3856 animo,
765 3791 938 3858 multusque
952 3799 1081 3845 recursat

355 3875 457 3926 Galatis
471 3873 595 3926 honos...

353 3954 443 4006 Credo
461 3954 606 4019 equidem,
623 3982 651 3992 —
664 3967 718 4006 nec
733 3967 808 4006 vana
821 3954 905 4018 fides,
916 3982 947 3990 -
957 3968 1052 4019 genus
1064 3968 1129 4007 esse
1143 3955 1288 4006 Deorum:

355 4037 521 4099 Degeneres
535 4036 652 4087 animos
668 4035 756 4086 timor
767 4035 874 4099 arguit.

258 4205 280 4255 l.
299 4205 414 4268 Temen,
431 4221 455 4266 n,
470 4206 501 4255 77
516 4221 581 4269 sqq,
596 4206 627 4255 82
641 4221 694 4269 sqq.

257 4278 281 4329 2.
299 4278 335 4326 cf.
357 4292 431 4340 supra
451 4293 474 4340 p.
496 4277 536 4337 50,
556 4284 580 4326 et
600 4279 681 4336 Paua,
699 4278 724 4325 in
747 4277 833 4327 Thesei
857 4280 913 4337 vite,
933 4293 953 4327 c.
976 4278 1128 4338 11111;1)100,,
1149 4275 1189 4336 IV,
1205 4276 1248 4337 61;
1265 4277 1349 4338 0110,

227 4349 369 4409 Her.,·Xll,
382 4349 489 4397 -Bene
505 4348 591 4410 Coum,
606 4342 692 4397 attede
704 4363 750 4396 ser
761 4349 874 4408 Catulle,
888 4364 911 4413 p.
924 4349 979 4408 234,
996 4351 1025 4397 de
1040 4350 1162 4398 Ariadnae
1172 4363 1253 4397 amore
1265 4364 1270 4398 :
1285 4369 1297 4395 «
1311 4364 1349 4398 aa

230 4433 325 4467 amour
340 4422 398 4467 tout
409 4419 513 4468 sensuel
522 4434 528 4479 ;
546 4438 557 4462 υ
573 4424 597 4467 et
610 4420 744 4482 Barcaeus,
760 4423 784 4468 in
800 4421 866 4480 Cin,
882 4419 966 4480 LXIV,
979 4435 1003 4468 v.
1021 4421 1061 4471 55.
1340 4418 1344 4425 '
