2844 4928
211 326 265 391 ‘62
674 347 752 393 rans
770 347 879 393 ‘Paron

203 543 438 612 compescere
468 522 599 610 nititur.
637 522 708 589 Nec
736 522 922 613 quicquam
949 523 983 587 in
1016 521 1252 612 pulcherrimo
1280 522 1343 589 illo

218 635 341 719 quarto
361 628 523 723 Aeneidis
543 629 632 719 libro
645 630 823 720 pulchrius
844 651 917 695 esse
939 651 1109 710 censeam,
1122 651 1229 717 quam
1245 630 1343 695 locos

205 737 322 803 ‘istos¹
348 737 408 802 ubi
432 735 606 823 Vergilius
631 738 731 804 nobis
758 738 896 827 exponit
924 741 1053 826 quanta
1077 758 1155 802 cum
1179 736 1342 802 libertate

126 859 130 866 ⁴
207 849 253 910 et
285 841 429 909 audacia
462 843 590 909 intimis
626 843 805 910 affectibus
834 844 904 910 suis
933 844 1054 928 regina
1080 841 1235 908 habenas
1273 844 1342 908 im-

205 952 341 1033 mittat,
375 951 570 1040 quibusque
594 952 658 1018 viis
686 951 731 1017 ad
758 950 952 1017 absolutam
981 955 1015 1016 et
1037 950 1174 1016 feminei
1198 948 1343 1038 pudoris

219 1064 253 1125 et
274 1059 391 1142 regiae
411 1057 529 1146 [omae
549 1058 721 1144 jacturam
745 1058 914 1125 deveniat.
942 1057 1098 1146 Namque
1129 1056 1205 1123 aliis
1228 1058 1342 1146 poetis

219 1170 279 1231 aut
314 1164 486 1231 nascentis
516 1165 614 1231 initia
646 1166 790 1247 amoris,
826 1170 885 1232 aut
918 1164 991 1251 jam
1025 1163 1134 1230 adulti
1171 1164 1340 1253 impetus,

162 1339 164 1343 ,
219 1277 278 1339 aut
301 1272 500 1338 exsultantis
519 1272 696 1355 laetitiam,
718 1277 777 1338 aut
796 1293 875 1362 spes
898 1293 938 1338 ac
958 1271 1190 1337 cunctationes
1210 1292 1250 1336 ac
1270 1293 1343 1337 me-

208 1385 286 1463 tus,
315 1383 374 1445 aut
397 1378 533 1446 dolores
562 1383 596 1444 et
618 1379 686 1445 iras
705 1381 888 1470 perspicue
914 1401 954 1445 ac
976 1377 1090 1444 vivide
1114 1377 1343 1467 descripsisse

219 1487 337 1553 datum
357 1491 429 1569 est;
450 1485 537 1552 illud
556 1509 638 1553 vero
663 1486 770 1576 (quod
791 1486 931 1576 quidem
950 1486 1120 1576 perbreve
1144 1485 1231 1550 solet
1251 1485 1340 1574 esse)

217 1599 367 1685 tempus,
390 1616 458 1684 quo
478 1593 538 1659 diu
557 1593 737 1661 obsessum
762 1595 915 1660 animum
939 1594 1038 1683 quasi
1058 1593 1166 1658 victor
1193 1597 1343 1682 occupat

219 1723 327 1784 amor,
349 1702 386 1767 in
410 1723 519 1790 eoque
539 1701 704 1784 consistit,
730 1728 745 1762 ν
768 1707 993 1792 pererratque
1015 1728 1031 1762 ν
1053 1705 1179 1777 totum,
1200 1699 1343 1788 lateque

207 1806 405 1875 effunditur
425 1795 458 1873 et
481 1809 568 1875 altos
591 1807 724 1877 radices
744 1808 830 1894 agit,
851 1807 1000 1874 —illud
1019 1806 1159 1896 quidem
1182 1805 1344 1896 tempus²

157 1918 159 1922 '
219 1917 335 1983 nescio
356 1937 399 1980 an
420 1915 496 2003 quis
517 1937 668 2004 unquam
689 1937 765 1981 cum
787 1915 1006 2004 exquisitiore
1028 1915 1169 1980 veritate
1189 1913 1344 2002 descrip-

221 2023 303 2090 serit
322 2043 426 2112 quam
444 2022 480 2086 in
499 2022 564 2088 hac
584 2023 752 2112 poematis
772 2024 824 2092 sui
845 2022 1013 2115 particula
1033 2021 1219 2107 Vergilius.

266 2129 358 2211 Quid
376 2152 457 2196 vero
477 2128 527 2195 illi
547 2129 675 2195 adhoc
695 2129 952 2221 suppeditatum
970 2130 1082 2194 fuerat
1102 2128 1146 2194 ab
1166 2128 1344 2218 antiquis?

209 2236 360 2327 'Lepidis
380 2258 462 2304 sane
480 2236 639 2303 versibus
664 2242 699 2304 et
722 2238 925 2328 Apollonius
953 2235 1107 2318 Medeae,
1134 2241 1169 2303 et
1187 2234 1343 2303 Catullus

219 2343 405 2426 Ariadnae,
426 2344 605 2435 utriusque
625 2346 734 2412 amori
755 2367 829 2412 sese
854 2345 944 2411 ultro
971 2343 1149 2426 tradentis,
1180 2342 1344 2434 volupta-

219 2457 293 2543 tem
310 2452 434 2519 elocuti
454 2436 552 2535 sunt3
573 2474 656 2520 narn
675 2458 708 2520 et
725 2453 931 2544 Apollonius
950 2452 1063 2519 haec³
1085 2473 1092 2519 :

720 2623 783 2685 οὗδέ
796 2628 848 2683 τιν’
865 2623 951 2696 ἄλλην

400 2730 518 2802 μνῆστιν
533 2722 610 2804 iper,
628 2724 749 2807 γλυκερῇ
765 2720 956 2783 δὲ’κατείὸετο
972 2721 1056 2803 θυμὸν
1073 2721 1148 2806 ἀνίῃ.

402 2866 489 2885 .......
512 2819 611 2882 ἰαίνετο
627 2822 657 2881 δὲ
672 2822 770 2907 φρένας
782 2821 849 2881 irco

252 3007 274 3058 1.
292 3009 368 3066 Aen„
384 3007 424 3069 lV,
439 3007 522 3069 5689,
540 3007 652 3058 130-172.
669 3035 698 3043 -
713 3008 796 3070 Neque
808 3024 856 3058 non
870 3009 909 3057 bis
928 3010 953 3057 in
973 3008 1033 3057 locis
1055 3009 1177 3056 immorari
1193 3008 1271 3066 decet,
1288 3023 1345 3057 cum

220 3095 235 3129 a
248 3080 394 3131 recentibus,
403 3079 523 3128 Aeneidis
538 3080 712 3143 interpretibus
727 3081 809 3143 levius,
816 3081 883 3142 justo
896 3082 1068 3142 praetermissa
1081 3083 1105 3127 et
1118 3079 1188 3128 flocci
1204 3077 1288 3128 habita
1302 3081 1344 3128 vi-

220 3150 331 3198 deantur.
344 3149 385 3198 Sic
400 3165 463 3198 unus
477 3164 490 3198 e
505 3151 681 3199 recentissimis
697 3166 703 3200 ε
720 3170 731 3195 a
755 3150 835 3214 Virptt
851 3153 1032 3200 concentrotes
1046 3149 1086 3199 oti
1101 3149 1141 3197 his
1150 3164 1236 3213 power
1251 3164 1283 3198 on
1299 3148 1344 3199 tte

219 3222 376 3284 description
388 3223 420 3284 os
431 3221 499 3270 Dido
514 3223 542 3271 in
557 3221 604 3270 iter
618 3220 814 3272 abondanment
828 3222 883 3272 ond
902 3222 1017 3284 despair,
1031 3223 1140 3285 possinp
1150 3236 1209 3270 over
1224 3221 1267 3270 tte
1283 3236 1344 3270 ear-

220 3292 269 3342 lier
284 3294 374 3355 stupes
387 3293 419 3356 of
430 3291 475 3341 lter
488 3291 562 3356 fatal
578 3291 641 3343 loce.
659 3312 670 3338 »
687 3294 814 3352 Parnnorr,
830 3298 848 3344 t.
865 3294 893 3352 ll,
913 3308 936 3356 p.
953 3293 1006 3344 183,

250 3363 274 3415 2.
292 3363 352 3412 Nam
367 3378 414 3412 uno
429 3364 469 3412 die
481 3365 599 3413 contineri
613 3379 779 3428 quaecumque
793 3365 854 3413 locis
870 3365 934 3412 iutra
948 3365 1029 3413 citatis
1039 3363 1162 3426 Vergilius
1177 3368 1275 3412 enarrat
1292 3379 1344 3411 non

218 3435 352 3485 verisimile
375 3439 413 3483 est
433 3436 554 3498 (quamvis
575 3436 645 3484 aliter
664 3436 817 3494 Praeluxere,
835 3436 953 3493 Gossnau,
973 3436 1088 3484 Foaarona
1109 3439 1133 3484 et
1157 3436 1296 3499 aliquando,
1312 3463 1344 3471 —

220 3509 246 3556 in
262 3509 337 3566 Aera,
353 3507 393 3567 lV,
408 3507 448 3567 81,
464 3535 494 3544 -
511 3507 647 3558 Controror
662 3509 724 3570 ipse,
744 3509 835 3557 sentire
849 3508 986 3555 videantur.
1006 3506 1041 3555 Ct.
1058 3507 1188 3566 Scaurum,
1204 3508 1344 3568 Quaestio*-

220 3595 265 3629 rtes
279 3578 451 3644 verpitiareoe,
466 3595 490 3643 p.
504 3580 534 3628 25
542 3594 606 3643 sqq,
618 3580 729 3642 passim.)
741 3579 881 3628 Absurdum
893 3582 930 3626 est
942 3579 967 3626 in
984 3579 1026 3626 illa
1039 3583 1108 3627 vasta
1122 3580 1202 3642 quarti
1216 3579 1272 3626 libri
1288 3579 1346 3628 des-

220 3651 340 3713 criptione
359 3655 493 3714 temporum
517 3652 636 3700 rationem
659 3666 715 3699 cum
738 3655 822 3699 exacta
844 3650 972 3698 sedulitate
990 3655 1130 3713 computare
1154 3665 1160 3698 ;
1184 3665 1246 3713 quae
1268 3665 1346 3700 causa

220 3723 267 3772 fuit
281 3722 405 3770 nonnullis
419 3722 595 3786 interpretibus
610 3724 662 3771 sire
675 3736 719 3770 cur
731 3725 823 3770 textum
839 3721 929 3769 frustra
943 3722 1120 3770 emendandum
1133 3726 1270 3778 censerent,
1288 3723 1344 3771 sive

220 3808 264 3844 cur
278 3794 330 3842 loca
344 3794 462 3856 quaedam
479 3809 493 3843 a
507 3793 610 3856 Virgilio
625 3794 765 3856 imperfecta
777 3793 830 3841 sine
844 3794 990 3841 necessitate
1001 3795 1177 3842 existimarent.
1194 3792 1235 3841 Sic
1252 3793 1345 3841 Prsar-

220 3881 285 3916 xxnr
300 3866 330 3913 de
350 3866 388 3914 his
403 3867 517 3915 versibus
535 3865 586 3928 (lV,
604 3864 635 3913 84
655 3865 742 3927 sqq.)*.
761 3865 836 3913 «Aut
856 3865 948 3928 gremio
966 3865 1140 3926 Ascanium...,
1161 3869 1207 3915 etc.
1228 3883 1239 3909 »
1260 3883 1272 3908 «
1290 3865 1345 3914 Non

221 3939 348 3988 honestum
364 3942 414 3997 est,
430 3938 521 4001 inquit,
537 3937 657 3985 Didonem
677 3936 752 3985 solam
767 3937 848 3986 media
866 3941 936 3985 nocte
951 3937 992 3999 (ci.
1009 3952 1032 3985 v.
1046 3937 1077 3986 80
1096 3952 1132 4000 sq.
1150 3953 1156 3986 :
1174 3938 1233 3985 Post
1248 3937 1290 3985 ubi
1306 3938 1344 3986 di-

220 4010 306 4073 gressi,
320 4009 398 4068 eto...)
410 4010 434 4057 in
449 4009 520 4057 domo
530 4021 607 4056 vacua
620 4008 752 4056 Ascanium
771 4008 795 4055 in
808 4009 899 4070 gremio
910 4013 1001 4056 tenere.
1019 4026 1031 4052 »
1046 4009 1128 4072 Neque
1143 4021 1201 4057 vero
1216 4007 1344 4071 Vergilius

220 4081 280 4129 dicit
300 4085 358 4129 tunc
379 4080 482 4128 maxime
495 4080 613 4141 temporis
633 4079 765 4127 Ascanium
787 4080 922 4141 amplexam
945 4094 1000 4128 esse
1018 4080 1151 4138 Didonem,
1168 4094 1246 4143 neque
1269 4082 1345 4130 semel

218 4152 383 4201 tantummodo
394 4151 535 4212 amplexam.
548 4149 617 4212 Sapit
630 4151 655 4198 in
665 4151 711 4198 hoc
722 4150 807 4199 saltem
818 4150 963 4208 Corruarou,
977 4151 1008 4200 de
1022 4152 1108 4200 eodem
1121 4166 1192 4200 versu
1205 4152 1343 4200 disserens.

231 4222 276 4289 Ι3.
296 4225 406 4287 Arporr,
421 4220 462 4280 ΙΙΙ,
477 4219 589 4270 286-290.
606 4249 636 4258 -
650 4221 686 4270 ct.
703 4221 773 4278 ibid..
792 4221 837 4272 967
860 4237 913 4285 sqq.
931 4223 971 4271 ubi
990 4223 1047 4272 iaso
1068 4227 1091 4271 et
1106 4223 1190 4272 Medea
1210 4238 1264 4271 cum
1279 4224 1345 4273 duo-

219 4296 266 4344 bus
280 4294 409 4344 arboribus
423 4296 602 4354 comparantur,
619 4307 674 4342 sese
689 4293 719 4341 ad
736 4292 876 4342 alterutram
891 4294 1076 4346 inclinantibus.
1092 4295 1146 4344 Non
1161 4298 1240 4342 autem
1256 4293 1285 4343 ad
1300 4295 1345 4344 hos

220 4366 321 4414 nimium
338 4367 455 4415 venustos
471 4363 568 4427 lepores
582 4362 733 4413 descendere
747 4365 856 4415 voluisse
875 4364 1010 4430 Vergilium
1028 4365 1090 4416 bene
1112 4366 1226 4414 observat
1241 4364 1345 4416 Cortuo-

220 4451 275 4496 rox,
291 4435 404 4497 introit,
415 4449 440 4498 p.
456 4433 495 4485 28.
