2844 4928
96 320 97 328 ’
130 310 172 381 ld
254 313 256 323 ’
586 340 661 384 ruas
685 341 789 384 rama.

129 508 513 598 vulgantium..Etenim
540 513 576 578 in
599 512 720 603 templi
739 513 848 595 istius,
872 513 965 603 quod
986 513 1140 605 primum
1161 512 1251 581 Car-

28 668 30 681 ,
128 619 270 706 thagine
291 620 465 701 exstruxit,
488 619 676 710 parietibus

487 813 589 868 Iliacas
601 830 635 865 es
649 816 745 866 ordine
759 829 875 882 pugnas
928 844 930 849 .

129 967 279 1082 insculpi
307 986 432 1073 uoluit3
455 987 662 1091 quandoque
692 988 836 1077 posthac
857 987 1046 1074 Trojannm
1074 987 1256 1078 hospitem

131 1094 331 1177 interrogat,
350 1113 389 1157 ea
407 1094 644 1160 tantummodo
664 1099 885 1183 percontatur
899 1093 942 1159 de
958 1093 1117 1179 Trojanis
1138 1084 1257 1160 heroi-

133 1199 198 1266 bus
227 1222 332 1288 quae‚
362 1205 481 1291 utpote
504 1202 746 1283 minutissima,
771 1202 936 1289 ignorare
957 1203 1034 1266 earn
1052 1223 1119 1266 non
1148 1200 1258 1268 dede-

97 1330 102 1339 ’
134 1313 254 1374 cerel:

305 1417 389 1474 Nunc
403 1414 512 1479 quibus
528 1396 658 1467 Aurorae
673 1413 805 1466 venisset
820 1415 901 1466 filius
913 1413 1017 1472 armis,

304 1499 387 1549 Nunc
399 1495 501 1559 quales
516 1494 667 1547 Diomedis
678 1495 760 1560 equi,
775 1507 854 1546 nunc
871 1498 1003 1558 quantus
1016 1492 1171 1546 Achillesl.

177 1666 335 1732 Forsitan
356 1670 389 1732 et
408 1666 499 1731 inter
515 1670 646 1732 ceteros
666 1664 834 1750 Trojanos
854 1664 1059 1732 bellatorem
1077 1656 1180 1750 illuni
1199 1687 1259 1730 re-

133 1775 215 1859 gina
233 1760 419 1862 praecipue
447 1777 647 1861 suspexerat
666 1771 765 1856 cujus
786 1777 819 1837 et
842 1772 968 1857 origini
987 1777 1020 1837 et
1044 1773 1135 1852 vitae
1156 1794 1259 1838 arca-

134 1901 216 1947 num
250 1879 425 1970 quoddam
452 1880 617 1956 inesset:
649 1880 802 1944 Aeneam
840 1901 966 1968 nempe
1001 1879 1116 1961 illum,
1148 1901 1258 1968 quern

136 1987 303 2053 amortali
314 1991 411 2076 patre
428 1991 461 2051 et
474 2009 493 2051 a
507 1986 572 2052 dea
587 1986 729 2051 dearum
745 1985 978 2075 pulcherrima
988 1990 1113 2066 ortum,
1127 1985 1260 2052 Hector
1292 2002 1295 2006 '

134 2097 208 2185 ipse
247 2098 470 2159 veneraretur
497 2100 534 2159 ut
561 2115 697 2182 parem,
730 2095 857 2182 quique
888 2093 942 2158 vel
970 2092 1057 2158 nulli
1088 2094 1259 2160 commili-

135 2207 254 2268 tonum
274 2200 418 2285 audacia
437 2200 619 2282 secundus
634 2201 783 2290 quodam
801 2191 915 2267 tamen
926 2200 1092 2289 peculiari
1102 2200 1258 2268 Deorum

135 2308 303 2375 beneficio
324 2330 460 2399 semper
479 2309 659 2374 incolumis
671 2307 715 2374 ad
733 2307 876 2373 meliora
894 2307 961 2372 fata
973 2308 1142 2373 reservari
1163 2307 1259 2374 vide-

136 2421 241 2483 retur.
266 2414 395 2482 Suadet
413 2416 504 2481 enirn
531 2415 686 2481 clanculo
707 2419 739 2480 et
759 2413 897 2503 oblique
919 2412 1093 2500 Vergilius
1118 2401 1163 2480 nt
1176 2437 1259 2480 con-

133 2523 292 2610 jiciamus
329 2522 454 2589 Didoni
477 2524 690 2608 incognitum
718 2523 872 2588 Aeneam
898 2521 1110 2610 jampridem
1138 2528 1259 2588 tamen

136 2632 210 2717 ejus
230 2632 382 2697 animum
402 2630 622 2719 occupavisse
634 2630 657 2698 ².

179 2739 299 2828 Neque
324 2737 534 2819 inconsulto,
566 2741 603 2801 ut
629 2738 770 2826 opinor,
806 2735 975 2802 Didonem
1009 2736 1070 2802 ubi
1102 2737 1258 2826 primum

136 2846 244 2914 oculis
263 2845 388 2912 nostris
408 2849 511 2934 poeta
530 2843 681 2930 subjicit,
705 2843 814 2910 solam
834 2865 907 2908 esse
928 2843 1024 2910 finxit
1043 2849 1146 2934 poeta
1165 2845 1258 2910 inter

136 2955 261 3020 multos
284 2953 373 3019 viros
394 2951 575 3018 mulierem
602 2973 610 3019 :

289 3161 291 3165 ⁴
321 3147 432 3212 Regina
444 3146 480 3198 ad
499 3148 643 3211 templum
658 3146 751 3198 forma
767 3146 967 3212 pulcherrima
981 3146 1056 3198 Dido

321 3229 455 3292 Incessit,
471 3240 579 3292 magna
590 3228 753 3293 juvenum³
766 3226 897 3293 stipante
911 3231 1067 3291 caterva...
1093 3283 1096 3287 ,

168 3400 190 3449 1.
208 3400 283 3458 Aen,
299 3397 447 3457 1,751-752.
464 3424 494 3433 -
508 3396 607 3445 Herse:
625 3415 637 3440 u
654 3399 771 3461 quantus
785 3395 917 3445 Achilles:
937 3410 1009 3459 quarn
1025 3411 1127 3460 magnus
1142 3399 1259 3461 eorporis

136 3472 230 3520 viribus
244 3474 268 3519 et
280 3471 360 3518 animi
376 3470 475 3519 virtute.
492 3487 503 3511 »
519 3468 560 3516 Sic
575 3472 599 3516 et
614 3469 675 3516 male
692 3468 835 3519 Cournorou.
853 3468 952 3516 Rectius
967 3468 1060 3529 Harax,
1081 3469 1220 3529 Aeacides,
1236 3472 1257 3528 Ι,

137 3558 160 3605 p.
177 3542 232 3601 862,
248 3542 278 3590 de
292 3544 400 3591 statura
412 3539 514 3593 Achillis
527 3539 564 3602 agi
581 3543 658 3602 putat,
672 3540 836 3603 nonnullaque
846 3540 877 3588 de
887 3539 929 3587 illa
942 3544 1051 3587 veterum
1065 3541 1119 3588 loca
1131 3555 1185 3588 cum
1200 3557 1259 3591 ver-

136 3614 227 3678 giliano
240 3613 316 3662 verbo
331 3613 433 3661 confert.

167 3685 191 3734 2.
209 3677 291 3747 Neque
311 3683 447 3732 inconsulto
462 3681 493 3730 ab
514 3682 606 3732 llioneo
627 3683 660 3746 (l,
681 3682 800 3744 all-549)
822 3683 927 3730 Aeneam
948 3683 1021 3731 tantis
1042 3683 1155 3731 laudibus
1174 3683 1257 3734 ellerri

136 3757 259 3820 Vergilius
274 3760 345 3804 antea
365 3756 430 3804 lacit.
448 3782 478 3791 -
499 3755 606 3803 Aeneam
625 3755 738 3803 omnibus
760 3755 819 3802 satis
834 3754 954 3815 cognitum
976 3768 1031 3802 esse
1053 3754 1158 3803 Ilioneus
1178 3757 1259 3806 credit

137 3827 313 3892 (1,544sqql;
334 3841 412 3889 neque
431 3826 561 3887 immerito,
576 3827 689 3889 qnoniam
710 3829 733 3873 et
755 3826 808 3886 ipse
825 3824 906 3872 vultus
931 3825 1027 3873 Aeneae
1051 3826 1075 3873 in
1100 3825 1257 3889 Carthaginis
1303 3849 1308 3862 ·

136 3900 225 3963 templo
245 3898 381 3960 insculptus
400 3899 439 3946 sit.
461 3896 1001 3960 Quodquidem,utr.olalCox1xorox,«ts
1021 3897 1133 3960 perhaps
1151 3913 1168 3947 a
1186 3898 1258 3950 little

137 3969 310 4020 remarkable.
328 3989 339 4012 υ

167 4042 377 4092 3.Cos1xcroxi.
398 4041 422 4092 h.
438 4042 454 4089 l.
473 4055 479 4089 :
497 4061 507 4084 u
526 4042 644 4089 erunen
664 4053 786 4102 supposes
804 4038 920 4100 juvenum
941 4043 965 4087 lo
987 4038 1015 4087 de
1036 4054 1123 4103 psorcup
1143 4055 1256 4101 women,

137 4113 219 4162 which
233 4111 319 4160 worlld
333 4111 393 4174 help
409 4115 456 4160 out
472 4110 606 4160 thesirnile
617 4112 680 4171 (curn
689 4110 775 4172 Diana)
789 4109 835 4157 dut
844 4123 923 4158 seems
933 4109 1068 4159 otherwise
1078 4113 1150 4175 quite
1161 4114 1257 4177 impro-

136 4183 218 4232 bable.
236 4182 381 4231 Elsewhere
396 4198 432 4232 we
448 4183 511 4231 deur
521 4184 552 4246 of
563 4196 595 4230 no
606 4180 701 4244 female
712 4182 878 4244 compastoris
886 4183 918 4244 of
922 4181 980 4230 hers
987 4186 1077 4246 except
1085 4181 1130 4232 lter
1139 4185 1225 4236 sister.
1243 4205 1255 4230 u

137 4255 178 4304 Sic
193 4256 310 4304 Formosa
325 4254 451 4303 Bunnxxiu
467 4257 628 4317 conjecturam
649 4253 756 4301 eamdem
779 4253 810 4302 de
830 4253 932 4315 puellis,
957 4255 994 4302 vel
1018 4255 1100 4303 saltem
1123 4256 1257 4318 Juvenibus

137 4326 262 4389 utriusque
276 4341 349 4374 sexus
366 4327 463 4384 refulat,
480 4327 605 4381 Grannona
619 4323 671 4385 (IX,
684 4323 708 4386 9)
724 4324 847 4386 principes
863 4325 950 4386 Tyrios
962 4325 1126 4388 intellegentis
1140 4328 1256 4390 opinione¹

137 4397 230 4446 nititur.

17 4519 21 4531 Ι
93 4514 96 4519 .

9 4540 15 4551 ι·
39 4536 52 4555 ,“

11 4554 18 4567 ’·
36 4560 45 4573 ι·
71 4560 98 4575 ..f

124 4582 164 4603 v...
