2844 4928
583 325 679 370 curor
705 322 838 370 snxruu.
1211 297 1273 361 145

145 501 247 568 nohis
282 499 350 588 ipsi
381 497 553 584 fingamus
595 497 797 565 Latinorum
832 495 926 584 regis
959 493 1065 560 filiam
1108 490 1272 560 Camillae

145 608 255 674 instar
286 605 508 687 militantem,
549 605 598 670 ita
633 609 672 670 ut
710 609 743 670 et
780 604 921 690 Trojani
960 602 1095 667 futurae
1133 601 1273 686 reginae

147 736 243 797 suae,
266 718 300 779 et
317 712 452 779 Aeneas
473 734 632 801 sponsae,
652 711 889 778 fortitudinem
910 712 1132 798 stupeant...
1153 707 1274 774 Nonne

146 843 230 888 vero
258 820 288 886 si
314 825 384 885 tres
417 817 512 885 haud
536 818 714 885 dissimilis
737 818 862 884 indolis
888 817 1035 883 feminae
1060 853 1104 865 —
1134 815 1275 904 (Amata

148 928 296 1011 scilicet,
328 925 472 994 Camilla
500 925 730 1016 Laviniaque)
750 965 795 976 -
823 927 859 992 in
888 947 956 990 uno
985 929 1019 989 et
1039 922 1162 989 eodem
1189 944 1275 1012 poe-

147 1042 239 1104 mate
260 1035 361 1102 simul
382 1035 599 1116 exstitissent,
622 1034 815 1123 periculum
841 1034 995 1100 loturum
1018 1031 1144 1097 fuitne
1173 1030 1275 1095 nimis
1359 1080 1362 1087 .

149 1144 277 1211 multae
303 1141 504 1208 viderentur
530 1147 689 1208 strenuae
717 1128 811 1208 istae'
831 1145 865 1207 et
890 1140 989 1230 quasi
1015 1138 1190 1206 masculae
1215 1137 1276 1203 he-

151 1250 293 1319 roides‘?

197 1355 329 1424 Deinde
350 1353 530 1422 Lavinium
544 1356 579 1421 in
598 1357 691 1422 hunc
709 1355 852 1423 modum
872 1354 1094 1443 descriptam,
1107 1351 1222 1418 vivido
1243 1358 1277 1418 et

148 1464 316 1554 pertinaci
346 1463 380 1528 in
407 1462 556 1531 Teucros
582 1486 772 1552 eorumque
801 1484 932 1550 regem,
963 1462 1117 1527 futurum
1148 1458 1277 1525 scilicet

149 1569 348 1657 conjugem,
371 1568 450 1634 odio
477 1569 624 1656 flagrare
654 1571 725 1635 siue
747 1569 853 1636 dubio
872 1591 940 1635 non
960 1568 1154 1634 licuisset...
1181 1566 1277 1632 Tunc

148 1699 232 1743 vero
253 1677 301 1742 sic
320 1676 488 1761 mitigata,
504 1675 588 1765 quid
607 1676 703 1742 aliud
715 1677 909 1762 legentibus
929 1674 1159 1764 praebuisset,
1173 1694 1277 1762 quam

153 1788 366 1851 attenuatam
397 1781 561 1850 Camillae
599 1784 842 1864 imitationem,
883 1782 938 1848 vel
970 1780 1072 1870 quasi
1102 1779 1278 1869 duplicem
1311 1775 1313 1779 ’

149 1889 405 1976 redintegratae
425 1888 569 1955 Amatae
590 1890 792 1975 imaginem,
815 1888 1018 1955 additicium
1033 1886 1175 1952 scilicet
1193 1908 1277 1975 poe-

151 1997 235 2065 mati
254 2017 620 2085 supervacaneumque
640 1995 951 2086 impedimentum?

194 2103 265 2170 Aut
294 2102 322 2168 si
350 2102 588 2172 vehementius
618 2126 695 2170 cam
722 2103 757 2169 in
782 2103 950 2191 Trojanos
973 2100 1091 2167 odium
1118 2120 1277 2166 exercere

152 2231 277 2302 passus
306 2214 397 2276 esset
425 2215 539 2299 poeta,
571 2216 687 2277 tamen
718 2211 841 2279 fuisset
864 2230 1005 2278 necesse
1044 2207 1161 2274 odium
1190 2205 1278 2285 illud
1322 2254 1326 2261 -

150 2319 241 2406 ejuS,
255 2316 320 2383 snb
339 2317 444 2383 finem
463 2319 644 2407 poematis,
663 2319 777 2384 subita
798 2318 897 2407 quasi
917 2313 1279 2396 conversione,volen·

153 2425 247 2494 tibus
274 2424 346 2490 Diis
376 2430 409 2490 et
433 2426 628 2514 postulante
658 2426 813 2507 historia,
839 2425 985 2515 placari.
1001 2473 1008 2488 .
1024 2477 1030 2489 .
1048 2423 1143 2489 Tunc
1173 2421 1279 2507 igitur

153 2530 365 2621 amplificata
382 2531 443 2599 illa
463 2537 496 2598 et
515 2533 615 2621 quasi
639 2533 866 2622 superfluenti
888 2531 1045 2613 Lavinia,
1067 2527 1278 2618 completum

152 2646 186 2708 et
224 2640 440 2706 obstructum
472 2663 612 2729 poema,
645 2642 680 2707 in
718 2641 903 2730 postremis
931 2639 1044 2721 libris,
1074 2636 1207 2717 fuisset,
1236 2674 1280 2684 -

150 2748 269 2815 Aenea
298 2746 440 2828 scilicet,
463 2753 498 2814 et
517 2748 644 2830 Turno,
674 2749 888 2838 reliquisque
916 2747 1000 2813 viris
1032 2744 1077 2811 ad
1102 2741 1278 2832 quandam

151 2855 310 2922 inertiam
329 2859 363 2920 et
383 2854 629 2923 obscuritatem
649 2855 810 2938 redactis,
826 2857 875 2922 ita
889 2855 976 2921 utin
992 2857 1144 2920 extrema
1155 2850 1279 2916 Aenei-

152 2961 206 3027 dis
225 2966 324 3051 parte
343 2960 507 3028 Laviniae
533 2963 648 3052 potius
673 2985 777 3053 quam
796 2963 934 3030 Aeneae
958 2963 1135 3027 narratum
1157 2957 1279 3022 fuisset

153 3089 250 3158 epae.
290 3124 293 3129 .

198 3175 244 3242 At
263 3175 355 3242 enim
374 3197 442 3242 nou
463 3176 585 3242 saltem
607 3176 720 3266 potuit
739 3177 836 3265 regia
861 3176 959 3262 virgo
985 3174 1106 3239 minus
1124 3171 1278 3259 frigere?

152 3282 342 3372 Numquid,
365 3285 505 3350 mutatis
526 3283 711 3366 mutandis,
743 3284 920 3351 Didoneae
954 3283 1113 3364 flammae
1149 3279 1278 3344 referre

152 3390 291 3480 potuit?

154 3603 167 3629 a
186 3584 311 3633 heroidem
334 3603 346 3628 a
366 3585 497 3647 quandam,
520 3587 608 3650 gallico
627 3587 696 3636 verbi
726 3601 808 3650 sensu,
839 3587 915 3636 tuisse
938 3585 1072 3635 Lauiniam.
1103 3582 1187 3630 Livius
1214 3580 1279 3629 enim

153 3657 189 3704 ita
203 3672 209 3705 :
225 3674 237 3699 «ι
256 3656 368 3704 Nondum
383 3661 491 3704 rnaturus
510 3659 612 3721 imperio
633 3659 754 3707 Ascanius
768 3659 865 3708 Aeneae
881 3659 946 3706 iilius
961 3660 1030 3717 erat;
1051 3660 1130 3704 tameo
1147 3653 1173 3701 id
1193 3653 1275 3714 impe-

153 3727 216 3776 rium
230 3728 252 3776 ei
267 3727 299 3775 ad
314 3728 430 3789 puberem
445 3733 548 3777 aetatem
561 3730 680 3778 incolume
695 3731 798 3790 mansit,
812 3731 931 3792 tantisper
947 3728 1022 3777 tutela
1034 3726 1145 3775 muliebri
1162 3751 1192 3760 -
1202 3726 1280 3772 tanta

151 3797 255 3848 indoles
270 3799 297 3846 in
317 3799 428 3848 Lacinia
441 3800 518 3851 erut!
531 3828 563 3838 -
577 3816 616 3850 res
633 3802 717 3850 Latina
738 3806 762 3850 et
780 3816 882 3865 regnum
897 3801 988 3849 avitum
1003 3803 1180 3861 paternumque
1202 3807 1279 3857 puero

153 3870 238 3918 stetit.
256 3889 268 3914 a
282 3896 314 3906 -
324 3869 354 3918 30
369 3870 440 3919 Adde
453 3872 500 3920 hnc
515 3871 667 3933 Ovidiaoam,
678 3887 750 3936 quem
766 3887 844 3934 supra
857 3871 1043 3921 memoravimus
1057 3868 1163 3917 tabulam
1173 3868 1207 3930 (p.
1224 3865 1279 3925 101,

154 3951 182 3991 u·
197 3940 221 4005 l)
231 3941 311 4003 (quam
328 3942 518 4004 quidemutrom
530 3945 706 4006 excogitaverit
717 3944 825 4007 Ovinius,
838 3959 870 3993 ao
880 3945 910 3992 ab
921 3943 1029 4004 antiquis
1042 3940 1172 4001 receperit,
1183 3952 1230 3986 non
1242 3951 1280 3985 sa-

154 4013 283 4074 tisliqoere
297 4013 393 4076 fateor).
405 4015 505 4076 Lavinia
520 4017 544 4063 in
558 4031 585 4063 ea
602 4015 673 4064 nobis
688 4017 835 4075 ostenditur,
852 4029 912 4064 uxor
927 4027 1015 4076 aspera
1024 4017 1048 4061 et
1062 4011 1154 4075 gravis,
1170 4010 1280 4071 adeoque

155 4083 186 4132 ad
202 4084 365 4146 suspicionem
381 4100 466 4147 prona,
479 4091 504 4134 ut
519 4087 644 4136 maleficiis
659 4092 683 4136 et
697 4087 835 4137 maledictis
850 4086 1005 4147 violentoque
1018 4084 1075 4132 odio
1086 4082 1180 4130 Annam
1195 4079 1279 4141 hospi·

154 4158 230 4203 tamet
247 4155 383 4217 supplicem
398 4157 430 4205 ad
446 4158 526 4220 lugam
543 4158 682 4220 compellat.
700 4159 789 4208 Potare
803 4159 878 4221 igitur
892 4157 950 4204 licet
962 4155 1088 4204 Laviniam
1098 4155 1123 4200 in
1133 4150 1280 4215 quibusdam

155 4224 296 4274 Latinorum
309 4227 398 4275 tubulis
413 4228 533 4290 depictam
550 4229 635 4289 fuisse,
645 4244 694 4278 non
710 4230 774 4278 sicut
787 4229 895 4278 timidam
911 4227 1078 4288 imbellemque
1092 4225 1219 4285 virginem,
1236 4220 1279 4270 sed

156 4301 269 4358 tanquam
288 4298 413 4347 mulierem
431 4300 528 4348 consilii
549 4301 689 4364 vigorisque
712 4301 818 4364 plenam,
834 4301 930 4362 qualem
950 4298 1048 4361 saepius
1070 4300 1154 4359 postea
1178 4292 1280 4341 Romani

156 4362 233 4416 icrtes
253 4382 282 4416 ac
302 4369 387 4418 viriles
402 4371 495 4432 puellas
517 4373 644 4420 commenti
666 4376 730 4422 sunt.
752 4372 798 4434 (ci.
822 4372 939 4431 Boissirn,
960 4371 997 4419 La
1015 4367 1097 4431 Relip.
1120 4380 1194 4424 rom,
1215 4368 1233 4416 t.
1249 4363 1279 4422 ΙΙ,

157 4451 185 4500 p.
198 4436 253 4502 213,
269 4439 300 4488 de
314 4454 467 4491 romanarum
483 4443 605 4506 virginum
619 4443 764 4493 educatione
779 4448 803 4493 et
817 4442 937 4508 ingenie.)
