2844 4928
576 303 674 400 carus
697 349 847 400 smirnii.
903 331 910 339 “
1231 330 1273 397 71

144 523 321 615 intellegit
339 549 444 618 quam
463 547 567 614 aegre
594 555 610 590 «
631 529 762 619 optima
780 526 889 594 Dido¹
911 553 927 590 o
949 525 1065 593 latura
1094 525 1138 592 sit
1159 551 1176 587 a
1201 529 1275 591 tan-

147 641 201 703 tos
233 650 370 704 amores
408 637 539 726 rumpi;
573 663 589 698 o
620 641 665 719 et,
699 638 727 703 si
760 658 828 702 non
861 635 1009 715 invenit,
1044 634 1181 724 quaerit
1206 633 1276 699 sal·

146 748 221 810 tem
245 744 317 810 vias
346 765 415 833 quo
445 743 580 809 mitiore
609 749 643 809 et
671 743 902 811 mansuetiora
931 740 1034 810 modo
1063 740 1198 808 tristem
1223 739 1275 808 illi

146 850 238 918 terat
257 851 447 920 nuntium:
1216 870 1218 874 ·
1265 829 1272 855 ’

245 1107 246 1110 ,
338 1066 416 1118 Heut
432 1063 503 1128 quid
513 1062 600 1129 agat?
614 1076 672 1130 quo
686 1076 766 1116 nunc
779 1063 913 1129 reginam
927 1063 1042 1116 ambire
1056 1062 1206 1115 furentem

307 1144 424 1197 Audeat
436 1143 545 1197 affatur
560 1156 636 1209 quae
652 1143 747 1209 prima
760 1144 880 1197 exordia
891 1146 1010 1196 sumat?

307 1228 406 1290 Atque
419 1225 554 1278 animum
571 1238 651 1276 nunc
663 1225 721 1277 huc
735 1224 874 1290 celerem,
889 1238 969 1277 nunc
982 1224 1087 1277 dividit
1102 1224 1183 1290 llluc‚

307 1307 340 1358 ln
354 1310 514 1372 partesque
528 1305 605 1370 rapit
622 1305 734 1367 varias,
747 1317 853 1370 perque
867 1305 969 1358 omnia
984 1309 1112 1358 versat...

310 1386 389 1439 Haec
402 1386 562 1439 alternanti
579 1386 675 1451 potior
690 1386 841 1439 sententia
855 1387 918 1438 visa
932 1391 1008 1439 est...

352 1467 546 1520 Tentaturum
558 1467 658 1518 aditus
673 1472 793 1533 atquae
808 1467 985 1520 mollissima
1000 1466 1083 1520 fandi

309 1550 466 1613 Tempora3
482 1547 550 1613 quis
564 1549 654 1600 rebus
668 1546 771 1600 dexter
782 1547 920 1600 modus...

147 1735 265 1825 Atque
286 1734 347 1801 ubi
365 1736 490 1803 iratam
508 1743 542 1804 et
560 1732 781 1828 desperatam
799 1737 905 1822 videt,
927 1743 1002 1805 tum

592 1950 684 2004 lenire
696 1949 848 2004 dolentem
873 1926 877 1930 ⁵

312 2027 438 2083 Solando
455 2029 536 2095 cupit
551 2034 580 2083 et
596 2031 682 2083 dictis
692 2035 824 2085 avertere
839 2042 939 2095 curas3

150 2223 187 2285 et
205 2218 273 2286 nisi
291 2218 393 2302 Dido,
417 2246 433 2281 α
452 2219 605 2287 medium
626 2242 853 2288 sermonem»
875 2219 950 2306 ejus
971 2246 987 2281 α
1009 2218 1272 2311 abrumpens»,

150 2347 229 2394 sese
252 2352 268 2388 «
291 2349 332 2394 ex
351 2326 460 2394 oculis
483 2352 499 2391 i>
522 2328 683 2413 auferret,

310 2539 450 2605 linquens
464 2541 561 2593 multa
576 2545 658 2594 metu
671 2546 862 2594 cunctantem
880 2545 910 2594 et
926 2541 1011 2600 matta
1024 2547 1168 2607 parantem

310 2621 411 2687 dicere,

149 2809 322 2876 forsitan²
344 2810 403 2878 ille
426 2811 567 2879 tandem
592 2835 610 2879 e
634 2812 807 2880 laboranti
835 2807 1050 2901 sollicitaque
1079 2818 1194 2878 mente
1215 2832 1278 2880 sua

150 2915 276 2988 solatia
295 2917 488 2985 excudisset
507 2940 559 3006 pa,
579 2942 668 3009 quae
689 2920 905 3006 mitigantem
923 2919 1093 2985 haberent
1111 2923 1146 2985 et
1166 2918 1279 2986 effica-

151 3046 229 3091 cem
255 3025 513 3113 aegritudinum
541 3026 791 3094 levationem...
822 3025 947 3116 Utique
977 3027 1084 3112 igitur
1110 3049 1179 3093 non
1197 3027 1278 3114 jure

152 3131 220 3198 dici
236 3138 361 3222 potest,
382 3133 468 3199 nihil
487 3135 627 3201 omnino
647 3135 856 3200 commoveri
874 3133 1110 3220 Vergilianum
1121 3133 1275 3218 heroem,

151 3241 422 3330 necquicquam
442 3241 629 3308 admodum
649 3263 752 3328 agere
773 3247 811 3308 ut
830 3241 1003 3324 dolorem,
1025 3265 1130 3334 quam
1151 3270 1167 3305 «
1188 3242 1278 3310 invi·

151 3352 209 3413 tus
231 3371 248 3410 »
270 3347 378 3432 affert,
400 3349 516 3414 leniat.
529 3348 621 3415 lllnd
643 3348 783 3415 demum
802 3349 882 3415 licet
901 3349 1036 3438 opinari
1055 3371 1134 3417 eum
1154 3371 1278 3440 parum

105 3504 108 3508 .
153 3453 295 3521 dextere
314 3477 389 3522 rem
407 3459 555 3522 tractare
575 3455 731 3524 arduam.

186 3697 210 3747 1.
227 3693 269 3756 IV,
284 3696 339 3747 291.

185 3769 209 3818 2.
227 3767 269 3829 IV,
283 3767 399 3819 39o391.
415 3767 563 3818 Benevolam
578 3767 650 3818 istam
665 3769 829 3831 conjecturam
844 3772 941 3818 mutuor
954 3770 985 3819 ab
1003 3784 1077 3833 opere
1091 3770 1131 3819 cui
1143 3771 1228 3819 titulus
1242 3775 1280 3819 est

154 3858 166 3884 ι(
183 3839 373 3889 Dissertations
395 3855 428 3889 oa
448 3839 536 3905 Virpil,
555 3838 587 3904 by
609 3840 774 3889 Hocpswoaru
796 3838 851 3889 and
874 3839 972 3888 Srancn.
991 3841 1146 3889 »Nonnullis
1168 3842 1240 3890 etiam
1254 3842 1280 3888 iu

153 3909 291 3973 codicibus,
309 3925 353 3964 nec
367 3911 551 3960 contemnendis
567 3911 607 3972 (de
622 3925 670 3974 quo
690 3925 713 3960 v.
730 3909 831 3959 Brasaca
846 3916 870 3960 et
885 3911 1013 3973 Formosa,
1033 3913 1049 3960 i.
1066 3911 1091 3960 h.
1108 3911 1153 3973 a),
1170 3912 1279 3973 legitur:

154 3999 167 4025 (ι
179 3981 255 4031 multa
266 3981 391 4031 uolentem
406 3983 488 4030 dicere
503 4001 524 4041 c,
541 3997 588 4031 non
602 4002 614 4027 (ι
632 3983 707 4031 multa
719 3985 889 4044 parantem...
903 4001 915 4026 υ
930 3983 1038 4031 Forsitan
1047 3985 1187 4047 parantem
1202 3983 1282 4044 scrip-

155 4067 210 4101 sere
229 4053 333 4104 lectores
354 4055 461 4118 quidam,
485 4069 572 4115 versus
592 4055 656 4106 Aea.
673 4055 700 4112 ll,
716 4054 762 4104 791
784 4069 912 4117 memores,
929 4056 971 4103 ubi
988 4069 1084 4119 quoque
1099 4058 1194 4104 Aeneas
1209 4054 1281 4102 hiscit

154 4139 184 4173 ac
199 4124 263 4174 silet.
282 4126 369 4175 Nescio
384 4129 478 4188 egomet
491 4140 522 4174 ao
537 4131 604 4175 recto
620 4129 755 4175 correctum
765 4126 824 4174 illud
840 4127 922 4184 tuerit,
938 4127 958 4174 si
974 4132 1110 4175 correctum
1125 4127 1178 4177 luit.
1196 4123 1281 4188 Vergi-

154 4195 204 4245 lius
225 4198 356 4247 facundum
375 4199 455 4246 iacere
475 4197 574 4246 heroem
594 4211 664 4246 suum
684 4199 820 4261 potuisset,
844 4212 898 4246 cum
922 4202 945 4247 et
969 4199 1106 4262 exemplum
1125 4196 1282 4261 Apolloniani

154 4269 254 4318 tasonis
277 4274 332 4319 ante
356 4270 440 4319 oculos
460 4269 571 4328 haberet,
593 4283 664 4332 quem
678 4269 741 4318 Juuo
765 4270 878 4333 loquelae
897 4269 1020 4322 illecebris
1040 4271 1182 4320 donaverat.
1198 4269 1282 4332 Neque

155 4342 222 4390 enirn
240 4342 337 4392 inficete
353 4341 464 4392 Medeam
485 4341 626 4404 alloquitur.
641 4340 739 4389 Aeneae
754 4355 812 4390 vero
832 4341 984 4392 orationihus
1003 4343 1185 4405 imperatoriam
1203 4351 1280 4406 quan-

156 4413 213 4462 dam
226 4423 249 4475 et
263 4427 387 4464 romanam
404 4413 549 4464 brevitatem
561 4413 643 4462 inesse
657 4413 733 4472 multo
748 4413 825 4477 magis
840 4413 930 4462 decuit.
