2844 4928
421 846 582 940 PARS
632 845 987 939 POSTERIOR

221 1109 260 1165 lle
275 1108 465 1164 muliebrium
477 1108 614 1164 Aeneidis
628 1122 830 1195 personarum,
840 1091 878 1162 iu
892 1106 1000 1176 quibus
1015 1105 1192 1176 effingendis
1275 1099 1277 1103 ’

372 1197 525 1253 minimum
538 1198 658 1267 adjutus
672 1196 731 1252 ms
744 1197 905 1266 Vergilius,
921 1196 1020 1251 indole
1032 1210 1039 1261 ;

328 1302 387 1358 qua
404 1292 503 1344 tamen
522 1286 694 1343 inveniendi
712 1288 798 1356 copia
817 1286 966 1357 descripta
984 1284 1088 1342 tuerit.

527 1733 671 1801 CAPUT
701 1733 880 1803 PRIMUM

146 1929 344 2011 Quuurunum
364 1953 403 1997 nx
420 1951 564 2008 nnrrours
582 1953 731 1998 uonrmus
751 1954 917 1999 rnnerrmm
936 1931 1101 1999 Veranius
1114 1940 1268 1999 rorunntr

194 2061 224 2104 nr
243 2059 388 2105 ruusours
409 2059 484 2104 rsrrs
503 2059 699 2106 uurrnonums
719 2062 758 2105 un
778 2061 887 2116 ouruus
906 2060 985 2106 nunc
1003 2060 1149 2106 nenuuuu
1169 2060 1223 2104 usr

624 2269 782 2276 .—-·--·-—--

191 2503 288 2570 Nunc
306 2508 422 2570 autem
442 2506 485 2572 ad
506 2525 563 2569 eas
581 2524 746 2594 personas
767 2503 970 2571 accedamus
989 2503 1165 2592 inquibus
1186 2504 1270 2590 deli7

145 2610 289 2678 neandis
309 2611 417 2677 multo
437 2613 551 2677 minus
570 2612 716 2677 feliciter
735 2631 808 2674 rem
835 2613 983 2696 gessisse
1003 2610 1195 2696 Vergilium
1216 2610 1269 2676 di-

146 2720 245 2799 eitur,
272 2717 402 2783 seilicet
426 2719 468 2784 ad
494 2718 683 2797 Laviniam,
707 2715 883 2800 Creusam,
906 2718 1054 2801 Annam,
1078 2716 1270 2800 Camillam,

145 2817 315 2893 Amatam.
339 2825 490 2890 Tametsi
519 2830 635 2891 autem
661 2823 806 2890 subsidii
830 2847 970 2914 parum,
1000 2830 1038 2890 ut
1060 2823 1164 2891 hasce
1191 2847 1271 2914 per-

62 2912 71 2929 x
147 2954 247 2999 sonas
267 2931 495 3018 confingeret,
520 2933 551 2997 ei
579 2932 696 3013 luisse,
725 2931 836 2997 obiter
862 2955 901 2998 ao
926 2932 1123 2998 summatim
1153 2954 1273 2998 conoe-

146 3041 248 3115 datur
268 3062 288 3106 a
305 3039 480 3128 plerisque
501 3040 627 3105 criticis
639 3040 661 3121 ¹,
683 3038 791 3104 -ob
811 3038 848 3105 id
865 3040 980 3128 ipsum
1000 3038 1182 3125 languidas
1203 3040 1274 3106 ina-

145 3169 278 3237 nesque
302 3146 379 3214 illas
408 3168 483 3213 esse
520 3145 820 3228 contendentibus,
860 3184 904 3195 -
933 3151 1050 3212 tamen
1088 3135 1169 3212 ere
1198 3169 1274 3216 csse

122 3238 303 3321 'arbitror'
322 3256 362 3336 si,
389 3255 594 3344 priusquam
625 3252 804 3319 fastidiosa
834 3275 954 3320 eorum
980 3253 1095 3342 opinio
1122 3275 1273 3342 perpen-

147 3362 262 3444 datur,
285 3362 503 3447 reoognitum
521 3360 625 3427 fuerit
640 3364 724 3448 quot
744 3365 777 3425 et
796 3360 911 3450 qualia
932 3360 1058 3449 quibus
1080 3383 1097 3425 e
1120 3360 1273 3426 fontibus

147 3470 327 3558 percipere
359 3469 509 3558 potuerit
533 3467 721 3554 Vergilius.
757 3467 811 3533 Ab
849 3467 945 3533 initio
984 3467 1083 3532 nobis
1117 3472 1272 3534 constare

58 3565 60 3568 ’
149 3576 239 3653 volo,
261 3580 331 3641 tam
350 3574 483 3664 liquido
499 3598 603 3663 quam
619 3575 694 3640 fieri
713 3580 828 3664 potest
848 3580 1093 3663 computatam,
1115 3597 1232 3641 rerum
1252 3597 1273 3640 a

147 3683 254 3748 latino
270 3688 373 3771 poeta
392 3682 468 3747 aliis
488 3682 697 3764 debitarum,
719 3682 774 3747 uel
794 3682 902 3771 ipsius
920 3681 1153 3770 propriarum,
1171 3682 1274 3747 ratio·

148 3810 239 3856 nem.
263 3788 405 3877 Oportet
425 3789 528 3870 enim,
551 3789 579 3854 si
601 3790 875 3878 vituperatorem
896 3788 1059 3854 Aeneidis
1083 3789 1274 3855 sententiae

143 3896 469 3978 'contradixerimus
491 3896 532 3961 iis
553 3918 624 3975 non
637 3896 785 3984 relinqui
803 3897 900 3962 istius
921 3895 1138 3982 conjecturae
1158 3896 1237 3984 perf
1259 3934 1273 3947 ·

144 4002 428 4088 vgium,videlicet
443 4002 536 4091 quod
549 4001 722 4088 Vergilius
738 4002 904 4067 nonnulla
925 4002 966 4067 de
986 4002 1139 4068 fontibus
1159 4003 1271 4069 minus

64 4196 67 4201 ι
150 4109 398 4198 apparentibus
416 4109 560 4176 fortasse
581 4110 774 4174 extruxerit.

182 4414 205 4464 1.
223 4413 286 4463 Vide
301 4428 376 4478 supra
390 4415 516 4473 Prooem,
528 4429 552 4478 p.
569 4413 620 4474 5-r,
638 4427 693 4463 cum
707 4414 781 4464 uotis.
