2844 4928
216 301 259 370 28
668 323 744 373 rins
768 327 872 374 raroa.

216 503 356 569 sonam¹
388 503 436 569 ita
464 507 675 569 commutare
711 525 861 593 aequum
898 503 1031 572 censuit
1063 510 1101 568 ut
1133 503 1335 591 aequalium

216 631 353 674 suorum
386 609 540 675 moribus
570 615 603 675 et
628 610 848 699 opinionibus
869 610 1079 691 concineret3
1102 649 1145 657 -
1165 611 1253 693 sive,
1279 617 1334 676 ut-

215 721 295 805 pote
314 716 478 804 proclivis
498 715 736 803 objurgandae
757 716 936 783 muliebris
962 739 1063 783 sexus
1088 715 1208 798 indoli,
1232 744 1247 777 «
1272 740 1334 782 va-

212 823 302 888 rium
321 827 355 888 et
374 823 540 889 mutabile
562 845 699 912 semper
721 851 736 885 a
760 823 924 889 feminam
945 822 1182 890 demonstrare
1202 824 1331 906 voluit;

211 969 255 979 -
280 930 335 996 vel
361 928 509 1019 denique
536 931 573 996 in
601 953 641 996 ea
667 930 857 1016 tragoedia,
883 932 970 997 sicut
996 932 1084 996 etin
1103 931 1218 996 multis
1239 929 1330 1014 aliie,

211 1036 487 1127 philosophatae,
509 1038 771 1126 animorumque
798 1037 1029 1104 humanorum
1058 1037 1199 1105 affectus
1228 1037 1333 1106 altius

212 1150 397 1227 scrutatus,
419 1149 613 1210 maternum
632 1166 784 1210 amorem
803 1144 897 1234 apud
917 1145 1078 1209 mulieres
1098 1146 1198 1233 quasi
1215 1145 1334 1211 incon-

211 1251 339 1318 sultum
365 1250 552 1340 quemdam
575 1256 609 1317 et
627 1250 807 1318 bestialem
832 1253 999 1342 impetum
1023 1253 1146 1318 ceteris
1170 1251 1333 1318 omnibus

209 1359 399 1442 affectibus,
419 1359 475 1425 vel
494 1360 666 1426 exstinctis
686 1381 749 1449 per
767 1364 925 1442 aetatem,
943 1359 998 1424 vel
1009 1360 1209 1440 imminutis,
1228 1381 1334 1448 supe-

208 1488 301 1533 resse
317 1466 514 1555 probavit²;
532 1506 575 1514 -
590 1467 707 1556 utique
723 1489 791 1533 non
812 1467 967 1555 ineptum
987 1471 1038 1532 est
1058 1465 1333 1532 animadvertere

209 1581 337 1662 quanto
358 1595 394 1640 se
415 1574 526 1642 minus
546 1574 703 1660 conjugis
728 1595 833 1662 quam
856 1573 918 1639 filii
941 1578 1114 1640 amantem
1142 1573 1333 1662 Euripidea

208 1680 453 1748 Andromacha
472 1681 631 1753 exhibeat
643 1682 667 1748 ³.

743 1985 793 2051 lll

299 2198 341 2241 DE
360 2196 558 2240 VERGILIANA
576 2195 799 2240 ANDROMACHA
817 2194 887 2239 CUM
906 2195 1081 2238 EURIPIDEA
1102 2194 1242 2238 COLLA'I'A

256 2413 462 2504 Quanquam
490 2419 606 2480 autem
631 2413 676 2479 ab
699 2412 864 2502 Euripide
891 2411 1063 2497 Vergihus
1091 2433 1147 2476 res
1167 2433 1255 2499 quae
1286 2411 1332 2477 ad

209 2521 490 2588 Andromacham
517 2521 690 2611 pertinent
725 2524 900 2586 mutuatus
938 2524 1004 2598 est,
1044 2541 1107 2584 nec
1140 2517 1332 2607 quidquam

198 2629 317 2699 ,ferme
338 2629 438 2694 exiis
458 2626 623 2710 detrahit,
645 2628 700 2692 vel
726 2627 768 2692 iis
789 2625 899 2709 addit,
923 2625 1070 2691 multum
1095 2630 1212 2690 tamen
1232 2625 1333 2693 abest

210 2743 248 2802 ut
277 2735 478 2822 Vergiliana
512 2733 722 2823 Euripideae
753 2733 880 2799 similes
905 2754 1030 2801 sensus
1059 2753 1142 2821 prae
1174 2754 1210 2796 se
1243 2732 1334 2798 ferat

209 2842 464 2910 Andromacha.

254 2950 373 3039 Neque
393 2948 575 3035 indignum
594 2946 679 3013 mihi
698 2952 818 3013 notatu
828 2945 964 3011 videtur
979 2969 1047 3036 qua
1058 2946 1188 3012 scilicet
1199 2947 1332 3013 ratione

211 3056 406 3146 quibusque
436 3054 589 3124 artificiis
617 3053 780 3120 Aeneidis
808 3058 927 3120 auctor
953 3051 1040 3118 illud
1071 3054 1113 3118 sit
1139 3058 1330 3119 assecutus.

242 3251 263 3299 1.
280 3251 423 3299 Homericae
441 3248 626 3298 Andromachae
640 3248 665 3296 in
680 3247 808 3309 conjugem
826 3260 894 3295 amor
908 3247 997 3296 eminet
1012 3261 1024 3296 e
1039 3247 1152 3295 versibus
1167 3248 1200 3296 Ιι.
1217 3247 1257 3306 Vl,
1274 3247 1333 3298 372-

210 3322 265 3382 373,
282 3321 336 3380 389,
355 3321 411 3382 412,
431 3320 485 3379 130,
506 3319 560 3381 496,
580 3317 640 3379 500;
655 3317 744 3377 XXIV,
766 3317 821 3376 725,
846 3316 901 3366 745.
916 3344 947 3352 -
967 3318 1002 3365 Cl.
1027 3318 1182 3367 Sami-Mane
1201 3319 1331 3379 Grannum,

212 3395 295 3444 Cours
309 3393 341 3442 de
356 3393 446 3441 litter.
459 3391 587 3448 dramat„
603 3393 621 3439 t.
639 3388 681 3446 ΙΙΙ,
695 3387 1002 3447 261‚er0a01sn,amer.
1014 3402 1134 3452 presque,
1146 3389 1332 3448 1218211-

211 3465 413 3528 Subtiliusquam
429 3463 520 3523 verius,
534 3461 666 3522 utopinor,
682 3458 860 3508 Cooaoavaaux
875 3459 926 3522 (op.
942 3460 999 3517 eit,
1015 3475 1038 3522 p.
1054 3459 1101 3508 338
1116 3461 1181 3523 sqq.)
1191 3453 1333 3511 Homericae

210 3536 397 3586 Andromachae
410 3547 517 3584 amorem
532 3533 557 3580 in
572 3533 699 3593 conjugem
715 3545 784 3578 suum
799 3530 966 3579 demonstrare
981 3531 1114 3591 contendit,
1125 3532 1183 3579 nihil
1193 3532 1259 3579 aliud
1277 3547 1334 3582 csse

210 3623 282 3672 quam
296 3609 333 3656 sui
347 3608 427 3670 ipsius
442 3618 556 3654 amorem.
573 3630 604 3638 -
619 3601 656 3653 Gt.
673 3601 704 3650 de
725 3600 910 3650 Andromachae
932 3602 1070 3671 φιλανδρίᾳ,
1088 3603 1205 3652 Mannum
1228 3603 1332 3663 Trnruu,

210 3681 330 3738 Dissert.‚
346 3679 386 3728 ed.
402 3678 490 3726 Rarsna
502 3674 616 3739 (ordorp
632 3674 693 3723 diss.
709 3687 776 3727 xxiv,
790 3688 814 3735 p.
830 3671 966 3724 99et157.

241 3753 265 3804 2.
286 3751 359 3800 Recte
374 3750 490 3799 observat
509 3746 669 3796 Seius-Mine
689 3744 831 3793 Grannum:
853 3764 864 3789 u
882 3745 1042 3809 Euripide...
1057 3745 1152 3794 semble
1166 3746 1239 3794 avoir
1252 3746 1335 3796 voulu

211 3827 269 3874 oter
283 3827 300 3872 ct
315 3821 501 3886 Andromaque
520 3822 578 3867 tout
598 3832 626 3866 ee
648 3817 697 3881 qui
719 3817 785 3865 eicit
806 3819 928 3882 etranper
950 3832 986 3866 au
1007 3819 1147 3866 sentiment
1169 3817 1200 3866 de
1221 3817 1335 3866 l'omour

210 3893 346 3952 muternel,
363 3893 418 3956 ofin
434 3890 528 3956 qu’elle
542 3904 574 3938 ne
588 3889 753 3952 representet!
766 3886 825 3950 plus
841 3903 889 3953 que
907 3903 935 3937 ee
949 3890 1099 3947 sentiment,
1114 3909 1125 3933 Ι
1147 3890 1190 3937 sed
1205 3903 1335 3952 perperam

211 3967 319 4029 adjicit:
340 3985 352 4010 Ι
368 3967 393 4013 et
414 3964 469 4027 ofin
490 3960 584 4027 qu'elle
606 3974 639 4009 en
659 3961 705 4022 set
728 3958 752 4008 le
771 3959 833 4024 plus
850 3974 905 4023 pur
919 3963 945 4009 et
961 3959 985 4008 le
996 3960 1060 4024 plus
1073 3961 1180 4024 parsoit
1193 3959 1303 4012 modele.
1321 3980 1334 4005 a

214 4040 297 4089 Cours
310 4037 342 4087 de
357 4037 449 4085 litter.
465 4034 565 4092 dram,
580 4032 598 4091 l,
614 4046 638 4094 p.
655 4030 710 4083 295.

243 4110 266 4159 3.
285 4109 374 4159 Uxoris
393 4121 452 4170 erga
461 4106 573 4154 maritum
588 4116 693 4152 amorem
705 4102 824 4152 minorem
838 4103 914 4152 fuisse
928 4104 993 4166 apud
1002 4105 1115 4166 antiquos
1128 4119 1200 4166 quam
1214 4103 1281 4167 apud
1295 4118 1335 4154 re-

213 4182 336 4231 centiores
350 4194 380 4229 ex
394 4179 451 4229 aliis
461 4177 523 4227 locis
536 4175 651 4238 colligere
664 4175 767 4224 forsitan
781 4175 847 4224 licet.
860 4175 997 4238 Penelopae
1008 4176 1088 4237 ipsius
1103 4176 1178 4224 multo
1193 4175 1281 4236 minor,
1292 4181 1336 4226 aut

213 4258 279 4302 certe
294 4253 368 4300 multo
383 4251 464 4298 miuus
478 4254 572 4306 tenera,
591 4247 616 4294 in
638 4247 765 4308 conjugem
789 4247 878 4295 caritas
898 4250 936 4295 est
954 4261 1026 4309 quam
1040 4246 1235 4296 Andromachae.
1249 4275 1281 4283 —
1296 4245 1334 4296 Cl.

213 4324 297 4380 Pina,
314 4321 456 4387 Trapiques
468 4333 552 4386 prees,
567 4321 584 4366 1.
597 4316 625 4378 ΙΙ,
639 4331 664 4380 p.
680 4316 735 4376 275,
751 4316 783 4365 de
796 4316 946 4384 Antipone;
957 4320 975 4368 t.
992 4316 1093 4377 1V,901
1110 4331 1162 4380 sqq.
1178 4317 1213 4367 Cl.
1230 4319 1334 4378 Hauon,

135 4408 138 4414 ’
214 4394 254 4456 ΙΙΙ,
270 4395 312 4455 19;
327 4395 409 4453 Paua,
424 4391 457 4441 de
473 4392 595 4455 fraterno
612 4402 708 4448 amore,
724 4388 759 4449 ΙΙ,
774 4389 866 4448 11111111,
881 4388 968 4448 linet,
985 4388 1026 4447 ΙΙΙ,
1039 4388 1078 4438 16.
1143 4452 1146 4457 Ι
