2844 4928
155 250 199 316 m
613 274 689 320 rans
713 243 819 323 saroa.

154 445 279 529 dicam,
303 454 505 540 ἁρχαιολογικὰ
529 442 764 516 additamenta
792 471 812 516 a
840 447 997 516 Varrone
1024 448 1198 536 Vergilius
1222 474 1281 519 ac-

155 555 289 644 cepisse
307 554 476 621 videtur¹.
508 621 514 626 ,
1162 611 1165 616 .

198 660 287 727 Num
306 682 389 727 vero
409 685 429 738 a
449 685 517 752 quo
536 662 579 728 de
598 662 862 730 Andromachae
881 664 950 730 vita
966 668 1000 729 et
1018 664 1097 730 latis
1116 687 1172 731 res
1184 666 1281 756 ipsas

152 768 374 835 mutuabatur
392 770 556 856 integras,
580 769 720 837 affectus
738 794 876 861 quoque
890 776 924 838 et
933 771 1111 856 ingenium
1130 772 1280 840 feminae

154 899 194 941 ex
212 879 283 941 toto
309 880 343 942 et
371 877 444 943 sinc
468 876 539 942 ulla
560 878 828 944 commutatione
857 878 1068 968 assumpsit?
1091 877 1281 947 Pertritum

151 981 244 1049 hunc
262 982 377 1050 locum
397 989 500 1074 atque
521 985 676 1059 amultis
697 985 787 1051 iuter
810 985 1019 1052 recentiores
1048 986 1175 1053 criticis
1197 986 1282 1054 sub-

152 1089 257 1156 tiliter
275 1095 470 1175 tractatum,
488 1092 589 1158 liccat
607 1096 723 1158 tamen
743 1093 827 1158 mihi
846 1093 1051 1176 instaurare,
1067 1092 1148 1181 qnia
1162 1095 1280 1183 primo

152 1219 220 1263 non
247 1204 495 1265 consenserunt
514 1220 641 1265 omnes
663 1199 707 1266 de
730 1199 771 1268 iis
798 1221 886 1289 quae
909 1200 1000 1266 inter
1022 1198 1228 1289 Euripidem
1247 1207 1282 1268 et

151 1302 359 1392 Vergilium,
388 1311 422 1372 et
452 1306 543 1372 inter
571 1312 754 1395 utrumqne
783 1312 886 1396 atque
915 1306 1105 1373 Homerum
1130 1307 1280 1374 interce-

152 1410 279 1496 dant²3
300 1413 441 1502 —quia
460 1413 664 1504 praesertim
692 1413 849 1503 plerique
873 1412 1152 1480 Andromacham
1179 1414 1279 1480 illam

151 1518 351 1608 aVergilio
380 1525 570 1587 correctam
599 1523 633 1586 et
658 1520 820 1587 refectam
851 1521 960 1587 levius
987 1520 1082 1608 justo
1115 1528 1278 1612 praeter·

151 1628 285 1695 misisse
310 1628 394 1694 mihi
418 1628 595 1710 videntur,
627 1629 726 1717 quasi
754 1626 948 1714 dedignati,
971 1651 1033 1695 nee
1063 1630 1145 1694 satis
1173 1629 1278 1696 intel-

148 1734 271 1800 lexisse
292 1757 396 1823 quam
417 1757 497 1800 vere
517 1733 717 1820 Vergiliana
737 1735 792 1801 sit.

469 2251 511 2292 ΒΕ
535 2249 712 2292 EURIPIDEA
735 2249 958 2294 ANDROMACHA

192 2469 415 2560 Euripideam
444 2468 551 2555 igitur
584 2469 735 2559 primum
768 2469 1045 2536 Andromacham
1078 2474 1277 2540 accuratius

147 2579 372 2667 introspicere
391 2575 493 2659 libet,
516 2576 654 2665 qualem
680 2599 715 2642 se
739 2577 775 2642 in
801 2575 986 2643 Troadibus
1012 2583 1047 2644 et
1071 2579 1119 2661 in⁵
1135 2577 1277 2647 Andro-

148 2683 270 2751 mache
291 2705 443 2759 uxorem,
467 2681 605 2772 qualem
625 2687 771 2748 matrem
791 2682 961 2750 exhibeat.
1142 2759 1144 2764 ¹

192 2787 412 2880 Captivarum
433 2793 548 2855 autem
568 2787 795 2873 Trojanarum
815 2789 1051 2878 spectaculum
1072 2791 1106 2857 in
1132 2791 1277 2860 Troadi-

148 2895 208 2962 bus
227 2896 326 2962 nobis
346 2896 563 2986 proponitur.
587 2894 740 2976 Quarum
759 2896 794 2960 in
816 2902 945 2962 maesta
969 2903 1104 2963 caterva
1126 2898 1273 2988 primaS,

146 3010 226 3094 post
254 3002 450 3085 Hecubam,
473 3007 590 3091 partes
621 3002 692 3087 agit
717 3001 970 3070 Andromacha.
1002 3003 1098 3085 Quae
1129 3004 1277 3095 quidem

147 3110 336 3176 sufficiente
357 3131 437 3176 sane
458 3114 491 3175 et
510 3107 653 3175 decente
674 3130 751 3174 cnm
776 3108 895 3175 dolore
920 3109 1077 3177 Hectoris
1097 3112 1277 3181 recordari

146 3217 294 3283 videtur.
328 3214 451 3282 Secum
486 3216 578 3281 enim
610 3217 645 3280 in
679 3215 896 3281 Achaeorum
935 3220 1062 3284 terram
1101 3218 1277 3288 Hectorea

146 3346 241 3390 arma
260 3323 418 3390 ablatura
438 3323 523 3403 est⁸,
544 3323 579 3387 in
594 3321 720 3412 quibus
733 3322 871 3407 insidet,
885 3325 985 3413 quasi
996 3324 1138 3392 haereat
1152 3348 1160 3409 3
1183 3326 1276 3396 Hec-

145 3431 229 3497 toris
248 3430 427 3521 praeclara
446 3429 599 3495 facinora
618 3428 766 3495 libenter
781 3431 972 3515 venditat‘3
995 3431 1177 3499 Hectorem
1189 3435 1276 3504 licet

146 3545 320 3604 mortuum
339 3538 374 3602 in
394 3536 558 3602 auxilium
578 3537 630 3603 sui
650 3538 781 3603 vocar.
808 3537 969 3604 Attamen
994 3562 1063 3605 non
1086 3563 1127 3606 eo
1151 3563 1273 3612 amore

144 3645 390 3726 inflammatur,
411 3666 522 3733 neque
541 3665 580 3709 eo
596 3643 717 3710 'dolore
738 3644 927 3727 conficitur,
950 3669 1018 3734 qno
1037 3647 1098 3712 tali
1112 3653 1274 3738 tempore

145 3753 250 3843 paulo
270 3758 348 3843 post
366 3756 539 3817 mortuum
566 3751 749 3818 Hectorem
774 3751 995 3842 dirutumque
1021 3753 1121 3820 llium
1150 3757 1274 3824 etiam-

145 3864 219 3925 tum
238 3859 444 3926 inflammari
465 3863 499 3924 et
518 3858 640 3924 confici
659 3863 926 3925 consentaneum
948 3861 1001 3926 sit.

217 4053 255 4105 cf.
271 4053 404 4103 Vsnsosau
418 4053 481 4116 apud
498 4053 613 4111 Ssnvrun,
629 4052 657 4101 ia
672 4053 736 4103 Aeo.
755 4053 794 4111 lli,
809 4052 864 4115 256,
879 4053 938 4114 3l9;
959 4055 1027 4104 Dron.
1046 4055 1180 4109 Hermann,
1196 4058 1216 4120 l,
1229 4059 1272 4114 51.

218 4127 254 4178 Cf.
272 4127 354 4175 varias
368 4141 430 4189 quae
446 4126 508 4173 intra
523 4126 604 4173 rettuli
620 4125 759 4174 criticorum
771 4126 908 4188 opiniones.

177 4055 199 4104 1.

177 4127 200 4176 2.

176 4197 200 4248 3.
218 4197 320 4256 Troud,
335 4197 448 4246 573-574.

178 4270 201 4320 l.
220 4269 323 4328 Troud,
338 4268 450 4318 toa-607.

177 4341 201 4393 5.
219 4340 323 4405 Τνοαά.,
338 4339 392 4389 58Ί.
