2844 4928
228 297 291 365 iao
644 318 721 367 rans
745 318 928 368 rcsraaioa.

271 494 386 578 Quare
406 501 521 563 autem
541 496 755 578 erubescat¹,
777 494 934 586 quaestio
954 514 1027 560 esse
1047 494 1172 582 potest.
1193 492 1249 559 An
1269 493 1352 583 quia

224 602 332 691 pudet
352 603 520 689 virginem
540 624 576 670 se
593 604 701 670 solam
721 602 843 670 victori
864 600 1016 682 cuilibet,
1038 599 1231 684 velitnclit,
1252 623 1352 690 prae.

225 709 305 776 dam
316 708 569 777 destinarilbn
586 711 679 800 quia,
692 715 874 801 praesente
895 729 1035 798 sponsu,
1049 706 1250 796 nuptiarum
1270 729 1351 775 sua·

224 838 302 882 rum
322 818 450 883 mentio
469 817 560 884 facta
579 819 679 884 est²l
697 817 763 885 Vel
788 816 930 883 tandem
959 814 1052 904 quod
1075 853 1118 862 —
1147 815 1247 880 sicuti
1279 816 1353 881 vult

225 921 381 1007 Servius,
402 963 445 973 -
470 924 706 991 denuntiatam
731 947 752 991 a
780 931 889 990 matre
918 923 971 992 sui
999 922 1108 1012 ipsius
1140 943 1264 987 necem
1295 923 1351 1011 pie

224 1030 328 1112 dolet,
351 1053 457 1122 seque
480 1054 658 1098 «causam
686 1033 769 1098 mali
796 1032 882 1097 tanti
913 1059 928 1093 »
961 1029 1085 1095 acerbe
1119 1032 1349 1118 reputat³i...

224 1137 359 1205 Turnus
377 1161 460 1206 vero
480 1139 668 1206 arbitratur
687 1140 735 1205 sic
752 1162 773 1204 a
788 1137 932 1205 Lavinia
952 1135 1121 1202 declarari
1141 1158 1240 1202 suam
1266 1157 1353 1221 erga

223 1244 339 1334 ipsum
358 1246 614 1327 voluntateml;
637 1269 750 1336 neque
771 1267 832 1313 nos
858 1244 984 1310 infitias
1004 1243 1055 1309 ire
1069 1243 1353 1332 possumusquin

223 1374 306 1418 vera
326 1353 402 1441 ejus
422 1353 620 1440 conjectura
640 1356 695 1435 sit,
718 1375 797 1420 cum
817 1374 896 1419 eum
916 1353 1006 1418 inter
1029 1349 1194 1416 Laviniae
1225 1372 1352 1440 procos

224 1481 343 1526 omnes
362 1482 432 1526 666
452 1461 564 1527 661616
583 1461 807 1527 fortissimum
834 1481 925 1540 esse,
957 1457 1018 1524 sed
1047 1463 1081 1522 et
1114 1484 1129 1518 «
1154 1457 1352 1547 pulcherri-

150 1552 155 1560 ’
224 1587 319 1632 mum
331 1568 341 1602 ⁵
356 1595 372 1630 »
385 1566 559 1654 Vergilius
570 1569 644 1657 ipse
657 1573 806 1651 moneat,
820 1566 1033 1654 dignumque
1042 1564 1196 1654 profecto
1210 1563 1350 1646 efficiat,

225 1673 285 1762 qui
305 1675 421 1761 regiae
441 1675 577 1764 placeat
596 1675 733 1760 virgini.
754 1713 798 1723 —
817 1673 938 1762 Neque
955 1672 1058 1738 etiam
1078 1669 1264 1760 probibent
1282 1671 1353 1736 col·

224 1778 295 1845 lata
314 1803 392 1847 cum
408 1782 475 1849 isto
494 1781 658 1848 Aeneidis
683 1782 758 1848 loco
785 1787 967 1871 poetarum
992 1778 1138 1845 aliorum
1165 1778 1293 1843 similia
1317 1778 1352 1844 in

225 1887 395 1953 similibus
420 1889 658 1956 occasionibus
686 1889 826 1971 verba⁶,
859 1887 1044 1977 quominus
1074 1885 1190 1951 Turno
1220 1884 1351 1951 adsen-

223 1993 357 2077 tientes,
380 1995 485 2061 talcm
505 1995 599 2085 apud
618 1997 778 2084 antiquos
798 1995 970 2063 subfuisse
989 1992 1169 2060 credamus
1189 1992 1350 2078 virgineo

226 2127 241 2161 6
262 2102 382 2168 rubori
404 2131 420 2164 »
442 2124 593 2184 sensum,
616 2104 755 2192 qualem
775 2103 834 2168 ille
855 2103 964 2168 laetus
980 2100 1184 2169 existirnat⁷.

265 2208 371 2295 Ergo,
392 2208 546 2296 Vergilio
571 2209 720 2292 volente,
742 2209 885 2277 Lavinia
904 2208 1073 2288 Turnum,
1096 2229 1163 2272 non
1189 2205 1275 2271 Aeni
1290 2228 1349 2273 am

222 2320 325 2398 amat,
348 2317 402 2382 cui
421 2322 536 2383 tamen
556 2318 784 2407 inposterum
804 2320 1000 2382 reservatur
1020 2336 1115 2395 uxor,
1134 2319 1166 2379 et
1186 2313 1234 2378 sic
1253 2312 1348 2380 Deos

222 2422 284 2493 scit
303 2423 509 2492 decrevisse.
529 2426 643 2515 Atque
670 2423 757 2490 illud
790 2427 909 2491 notatu
937 2421 1178 2506 dignissimum
1202 2441 1344 2504 666666,

220 2529 256 2595 16
275 2553 345 2619 quc
360 2531 561 2620 apoematis
580 2533 685 2598 totius
705 2531 883 2621 proposito
900 2530 1024 2595 iterum
1051 2527 1243 2609 deflexisse,
1268 2525 1346 2593 lau·

220 2635 360 2725 datique
398 2637 513 2703 herois
547 2638 703 2705 utilitatis
742 2637 856 2704 denuo
894 2636 1040 2702 oblitum
1076 2635 1181 2700 161666
1222 2632 1345 2720 Vergi-

217 2741 302 2808 lium
322 2744 405 2809 mihi
425 2743 571 2810 videtur.

261 2851 337 2916 Non
352 2851 507 2940 prolecto
527 2850 621 2940 quod
640 2853 674 2917 in
694 2851 781 2918 illud
802 2853 922 2917 vitium
943 2850 990 2915 ibi
1003 2847 1176 2930 inciderit,
1194 2848 1227 2912 16
1246 2849 1344 2936 quod
1367 2886 1372 2896 ·

216 2957 418 3023 incidissent
438 2958 514 3045 ejus
535 2960 800 3048 vituperatores
828 2963 867 3024 ut
895 2955 1174 3023 animadversum
1203 2961 1255 3019 661
1284 2978 1343 3021 66-

215 3064 322 3153 pra⁸3
341 3087 453 3154 neque
474 3067 565 3131 enim
581 3064 759 3132 Lauiniam
772 3070 868 3132 tanto
887 3064 993 3142 Turni
1010 3085 1126 3128 amore
1144 3061 1341 3147 deflagrare

215 3170 312 3253 fecit,
344 3178 382 3237 ut
408 3174 561 3239 Aeneam
597 3173 658 3239 illa
692 3195 811 3239 rursus
846 3172 972 3251 oderit,
1012 3172 1216 3258 Aeneasque
1253 3191 1340 3255 ergo

247 3390 270 3440 1.
286 3391 368 3440 Harsa
384 3406 389 3439 :
407 3412 419 3438 6
436 3393 566 3442 Praeclare
584 3394 612 3444 τὸ
632 3382 690 3456 ἦθος
708 3395 731 3442 16
752 3394 845 3456 virgine
870 3396 1002 3442 servatum.
1033 3390 1161 3443 Erubescit
1178 3390 1236 3449 illa;
1262 3391 1338 3440 animi

215 3475 290 3511 sensa
304 3477 352 3511 666
368 3464 499 3528 eloquitur.
517 3482 529 3507 »

245 3534 268 3582 2.
287 3534 327 3583 Sic
341 3535 438 3597 judicat
451 3536 534 3584 116166
552 3550 584 3583 2«
600 3537 660 3585 Nam
674 3537 704 3585 de
722 3551 803 3585 amore
819 3536 950 3599 Lauiniae,
965 3535 991 3584 16
1008 3539 1087 3585 ulrum
1108 3535 1150 3583 1116
1168 3535 1248 3582 animo
1264 3533 1338 3582 incli-

212 3610 291 3666 naret,
309 3605 370 3653 nibil
382 3621 484 3670 usquam
500 3612 573 3671 poeta
587 3607 703 3656 meminit.
721 3627 732 3651 6

242 3674 267 3726 3.
278 3675 314 3725 lta
331 3675 440 3726 8666166.

243 3747 267 3797 l.
283 3749 347 3798 Aen.
361 3748 415 3808 ΧΗ,
431 3748 471 3798 70.

241 3819 265 3870 5.
281 3824 345 3870 Aen.
365 3819 416 3880 Vll,
431 3821 462 3869 55
476 3835 530 3885 sqq.
549 3836 554 3870 :

528 3937 588 3980 Petit
598 3943 649 3980 6616
662 3938 717 3981 61166
728 3938 906 3992 pulcherrimus
920 3950 996 3981 omnes

526 4000 625 4054 Turnus,
635 4002 687 4044 6616
697 4003 819 4054 atavisque
827 4006 918 4056 potem,
928 4008 969 4045 etc.

237 4104 261 4153 6.
277 4104 313 4154 Cl.
329 4106 484 4156 Arouiourcu
499 4109 522 4156 16
538 4109 733 4172 Aryonuuticia,
749 4110 767 4168 l,
782 4108 828 4170 70;
845 4108 884 4170 lll,
900 4107 1083 4168 16666963,
1097 4108 1139 4157 ubi
1154 4108 1230 4156 rubor
1245 4109 1331 4158 itidem

206 4175 357 4240 Hypsipylae
371 4180 485 4241 primum,
501 4180 591 4228 deinde
606 4181 715 4241 Medeae,
730 4195 834 4230 amorem
851 4182 977 4244 uirtusque
991 4193 1049 4244 erga
1062 4180 1175 4229 iasonem
1191 4179 1329 4231 denuntiat.

235 4247 259 4298 ‘l.
277 4249 336 4297 lllud
353 4251 452 4298 nimium
469 4252 535 4312 justu
553 4253 684 4314 amplificat
703 4267 836 4315 anonymus
857 4257 928 4314 prictu
948 4251 1066 4313 (Antlrol.
1088 4250 1146 4309 lut,
1169 4251 1247 4310 111666,
1268 4256 1285 4301 l.
1307 4251 1327 4314 l,

206 4334 230 4382 p.
248 4319 292 4367 161
308 4323 346 4383 (nv
360 4319 435 4384 alsy:
453 4342 464 4367 a
481 4323 544 4373 Tc...
559 4323 658 4386 (Turne)
675 4323 816 4372 lacrimans
830 4324 930 4372 Lavinia
948 4324 1017 4386 virgo
1031 4324 1152 4387 requirit.
1169 4341 1180 4365 »
