<?xml version="1.0" encoding="UTF-8"?>
<!DOCTYPE html PUBLIC "-//W3C//DTD XHTML 1.0 Transitional//EN"
    "http://www.w3.org/TR/xhtml1/DTD/xhtml1-transitional.dtd">
<html xmlns="http://www.w3.org/1999/xhtml" xml:lang="en" lang="en">
 <head>
  <title>
</title>
<meta http-equiv="Content-Type" content="text/html;charset=utf-8" />
  <meta name='ocr-system' content='tesseract 3.04.00' />
  <meta name='ocr-capabilities' content='ocr_page ocr_carea ocr_par ocr_line ocrx_word'/>
</head>
<body>
  <div class='ocr_page' id='page_1' title='image "./devergilioininf00rbgoog_0160.png"; bbox 0 0 2844 4928; ppageno 0'>
   <div class='ocr_carea' id='block_1_1' title="bbox 579 290 1276 378">
    <p class='ocr_par' dir='ltr' id='par_1_1' title="bbox 579 290 1276 378">
     <span class='ocr_line' id='line_1_1' title="bbox 579 290 1276 378; baseline -0.013 -13"><span class='ocrx_word' id='word_1_1' title='bbox 579 319 677 366; x_wconf 77' lang='lat' dir='ltr'><strong>carus</strong></span> <span class='ocrx_word' id='word_1_2' title='bbox 701 319 851 378; x_wconf 76' lang='lat' dir='ltr'><strong>ausurum.</strong></span> <span class='ocrx_word' id='word_1_3' title='bbox 1215 290 1276 357; x_wconf 74' lang='lat'><strong>137</strong></span> 
     </span>
    </p>
   </div>
   <div class='ocr_carea' id='block_1_2' title="bbox 155 489 1281 1010">
    <p class='ocr_par' dir='ltr' id='par_1_2' title="bbox 155 489 1281 1010">
     <span class='ocr_line' id='line_1_2' title="bbox 200 489 1280 582; baseline -0.007 -23"><span class='ocrx_word' id='word_1_4' title='bbox 200 491 301 572; x_wconf 76' lang='lat' dir='ltr'><strong>Quod</strong></span> <span class='ocrx_word' id='word_1_5' title='bbox 324 497 441 559; x_wconf 89' lang='lat' dir='ltr'><strong>autem</strong></span> <span class='ocrx_word' id='word_1_6' title='bbox 465 494 640 582; x_wconf 89' lang='lat' dir='ltr'><strong>quomodo</strong></span> <span class='ocrx_word' id='word_1_7' title='bbox 668 495 815 576; x_wconf 89' lang='lat' dir='ltr'><strong>lactum,</strong></span> <span class='ocrx_word' id='word_1_8' title='bbox 844 514 929 559; x_wconf 92' lang='lat' dir='ltr'><strong>num</strong></span> <span class='ocrx_word' id='word_1_9' title='bbox 955 489 1109 556; x_wconf 89' lang='lat' dir='ltr'><strong>breviter</strong></span> <span class='ocrx_word' id='word_1_10' title='bbox 1132 494 1166 554; x_wconf 88' lang='lat' dir='ltr'><strong>et</strong></span> <span class='ocrx_word' id='word_1_11' title='bbox 1185 509 1280 553; x_wconf 91' lang='lat' dir='ltr'><strong>sum-</strong></span> 
     </span>
     <span class='ocr_line' id='line_1_3' title="bbox 155 593 1281 690; baseline -0.007 -24"><span class='ocrx_word' id='word_1_12' title='bbox 155 601 275 667; x_wconf 90' lang='lat' dir='ltr'><strong>matim</strong></span> <span class='ocrx_word' id='word_1_13' title='bbox 301 621 471 690; x_wconf 81' lang='lat' dir='ltr'>exponere</span> <span class='ocrx_word' id='word_1_14' title='bbox 496 605 677 668; x_wconf 88' lang='lat' dir='ltr'><strong>contentus</strong></span> <span class='ocrx_word' id='word_1_15' title='bbox 701 600 790 667; x_wconf 81' lang='lat' dir='ltr'><strong>luit?</strong></span> <span class='ocrx_word' id='word_1_16' title='bbox 810 599 949 669; x_wconf 84' lang='lat' dir='ltr'>Minime</span> <span class='ocrx_word' id='word_1_17' title='bbox 971 595 1128 686; x_wconf 91' lang='lat' dir='ltr'><strong>quidem,</strong></span> <span class='ocrx_word' id='word_1_18' title='bbox 1152 593 1214 660; x_wconf 91' lang='lat' dir='ltr'><strong>sed</strong></span> <span class='ocrx_word' id='word_1_19' title='bbox 1232 595 1281 659; x_wconf 88' lang='lat' dir='ltr'><strong>ita</strong></span> 
     </span>
     <span class='ocr_line' id='line_1_4' title="bbox 155 700 1278 797; baseline -0.007 -23"><span class='ocrx_word' id='word_1_20' title='bbox 155 705 320 775; x_wconf 89' lang='lat' dir='ltr'><strong>Creusam</strong></span> <span class='ocrx_word' id='word_1_21' title='bbox 339 712 501 795; x_wconf 81' lang='lat' dir='ltr'><strong>agentem</strong></span> <span class='ocrx_word' id='word_1_22' title='bbox 519 708 789 797; x_wconf 77' lang='lat' dir='ltr'>loquentemque</span> <span class='ocrx_word' id='word_1_23' title='bbox 808 707 905 791; x_wconf 88' lang='lat' dir='ltr'><strong>fecit,</strong></span> <span class='ocrx_word' id='word_1_24' title='bbox 927 708 965 771; x_wconf 92' lang='lat' dir='ltr'><strong>ut</strong></span> <span class='ocrx_word' id='word_1_25' title='bbox 984 702 1087 794; x_wconf 90' lang='lat' dir='ltr'><strong>plane</strong></span> <span class='ocrx_word' id='word_1_26' title='bbox 1111 700 1211 767; x_wconf 90' lang='lat' dir='ltr'><strong>nobis</strong></span> <span class='ocrx_word' id='word_1_27' title='bbox 1236 700 1278 766; x_wconf 92' lang='lat' dir='ltr'><strong>li-</strong></span> 
     </span>
     <span class='ocr_line' id='line_1_5' title="bbox 155 812 1279 904; baseline -0.005 -24"><span class='ocrx_word' id='word_1_28' title='bbox 155 819 260 903; x_wconf 80' lang='lat' dir='ltr'>queat</span> <span class='ocrx_word' id='word_1_29' title='bbox 279 836 366 904; x_wconf 91' lang='lat' dir='ltr'><strong>quos</strong></span> <span class='ocrx_word' id='word_1_30' title='bbox 396 836 517 900; x_wconf 81' lang='lat' dir='ltr'><strong>gerere</strong></span> <span class='ocrx_word' id='word_1_31' title='bbox 545 814 699 882; x_wconf 78' lang='lat' dir='ltr'><strong>Aeneam</strong></span> <span class='ocrx_word' id='word_1_32' title='bbox 729 836 813 903; x_wconf 83' lang='lat' dir='ltr'><strong>erga</strong></span> <span class='ocrx_word' id='word_1_33' title='bbox 841 812 1008 881; x_wconf 83' lang='lat' dir='ltr'><strong>Creusam</strong></span> <span class='ocrx_word' id='word_1_34' title='bbox 1031 830 1169 892; x_wconf 91' lang='lat' dir='ltr'><strong>sensus,</strong></span> <span class='ocrx_word' id='word_1_35' title='bbox 1192 828 1279 897; x_wconf 91' lang='lat' dir='ltr'><strong>quos</strong></span> 
     </span>
     <span class='ocr_line' id='line_1_6' title="bbox 156 915 1277 1010; baseline -0.005 -23"><span class='ocrx_word' id='word_1_36' title='bbox 156 942 241 1007; x_wconf 83' lang='lat' dir='ltr'><strong>erga</strong></span> <span class='ocrx_word' id='word_1_37' title='bbox 258 923 413 990; x_wconf 83' lang='lat' dir='ltr'><strong>Aeneam</strong></span> <span class='ocrx_word' id='word_1_38' title='bbox 433 922 597 990; x_wconf 79' lang='lat' dir='ltr'><strong>Creusam</strong></span> <span class='ocrx_word' id='word_1_39' title='bbox 616 922 792 1010; x_wconf 80' lang='lat' dir='ltr'><strong>Vergilius</strong></span> <span class='ocrx_word' id='word_1_40' title='bbox 812 920 1019 1008; x_wconf 78' lang='lat' dir='ltr'><strong>cogitatione</strong></span> <span class='ocrx_word' id='word_1_41' title='bbox 1044 917 1111 984; x_wconf 90' lang='lat' dir='ltr'><strong>sihi</strong></span> <span class='ocrx_word' id='word_1_42' title='bbox 1129 915 1277 983; x_wconf 84' lang='lat' dir='ltr'><strong>finxerit.</strong></span> 
     </span>
    </p>
   </div>
   <div class='ocr_carea' id='block_1_3' title="bbox 153 1114 1282 2169">
    <p class='ocr_par' dir='ltr' id='par_1_3' title="bbox 154 1114 1282 1844">
     <span class='ocr_line' id='line_1_7' title="bbox 201 1114 1279 1208; baseline -0.006 -25"><span class='ocrx_word' id='word_1_43' title='bbox 201 1117 292 1184; x_wconf 91' lang='lat' dir='ltr'><strong>Illud</strong></span> <span class='ocrx_word' id='word_1_44' title='bbox 320 1122 435 1184; x_wconf 92' lang='lat' dir='ltr'><strong>autem</strong></span> <span class='ocrx_word' id='word_1_45' title='bbox 462 1119 615 1208; x_wconf 91' lang='lat' dir='ltr'><strong>primum</strong></span> <span class='ocrx_word' id='word_1_46' title='bbox 643 1121 739 1208; x_wconf 91' lang='lat' dir='ltr'><strong>patet</strong></span> <span class='ocrx_word' id='word_1_47' title='bbox 758 1116 903 1185; x_wconf 88' lang='lat' dir='ltr'><strong>Veneris</strong></span> <span class='ocrx_word' id='word_1_48' title='bbox 919 1115 1037 1181; x_wconf 85' lang='lat' dir='ltr'><strong>tilium</strong></span> <span class='ocrx_word' id='word_1_49' title='bbox 1057 1114 1184 1203; x_wconf 90' lang='lat' dir='ltr'><strong>pietate</strong></span> <span class='ocrx_word' id='word_1_50' title='bbox 1205 1133 1279 1178; x_wconf 90' lang='lat' dir='ltr'><strong>esse</strong></span> 
     </span>
     <span class='ocr_line' id='line_1_8' title="bbox 157 1220 1281 1316; baseline -0.007 -24"><span class='ocrx_word' id='word_1_51' title='bbox 157 1246 241 1311; x_wconf 81' lang='lat' dir='ltr'><strong>erga</strong></span> <span class='ocrx_word' id='word_1_52' title='bbox 272 1230 408 1315; x_wconf 92' lang='lat' dir='ltr'><strong>patrem</strong></span> <span class='ocrx_word' id='word_1_53' title='bbox 436 1225 639 1316; x_wconf 88' lang='lat' dir='ltr'><strong>conspicua,</strong></span> <span class='ocrx_word' id='word_1_54' title='bbox 672 1246 756 1311; x_wconf 80' lang='lat' dir='ltr'><strong>erga</strong></span> <span class='ocrx_word' id='word_1_55' title='bbox 789 1224 975 1311; x_wconf 81' lang='lat' dir='ltr'><strong>conjugem</strong></span> <span class='ocrx_word' id='word_1_56' title='bbox 1012 1220 1130 1288; x_wconf 90' lang='lat' dir='ltr'><strong>dubia.</strong></span> <span class='ocrx_word' id='word_1_57' title='bbox 1168 1220 1281 1301; x_wconf 88' lang='lat' dir='ltr'><strong>Quem</strong></span> 
     </span>
     <span class='ocr_line' id='line_1_9' title="bbox 156 1326 1280 1422; baseline -0.005 -24"><span class='ocrx_word' id='word_1_58' title='bbox 156 1332 300 1422; x_wconf 90' lang='lat' dir='ltr'><strong>quidem</strong></span> <span class='ocrx_word' id='word_1_59' title='bbox 322 1331 432 1400; x_wconf 85' lang='lat' dir='ltr'><strong>fateor</strong></span> <span class='ocrx_word' id='word_1_60' title='bbox 460 1333 577 1399; x_wconf 90' lang='lat' dir='ltr'><strong>multis</strong></span> <span class='ocrx_word' id='word_1_61' title='bbox 602 1336 636 1398; x_wconf 87' lang='lat' dir='ltr'><strong>et</strong></span> <span class='ocrx_word' id='word_1_62' title='bbox 655 1333 790 1420; x_wconf 80' lang='lat' dir='ltr'><strong>magnis</strong></span> <span class='ocrx_word' id='word_1_63' title='bbox 810 1330 962 1421; x_wconf 81' lang='lat' dir='ltr'><strong>querelis</strong></span> <span class='ocrx_word' id='word_1_64' title='bbox 984 1333 1017 1396; x_wconf 90' lang='lat' dir='ltr'><strong>et</strong></span> <span class='ocrx_word' id='word_1_65' title='bbox 1038 1355 1054 1390; x_wconf 86' lang='lat'>«</span> <span class='ocrx_word' id='word_1_66' title='bbox 1076 1328 1197 1393; x_wconf 90' lang='lat' dir='ltr'><strong>insano</strong></span> <span class='ocrx_word' id='word_1_67' title='bbox 1217 1326 1280 1392; x_wconf 92' lang='lat' dir='ltr'><strong>do-</strong></span> 
     </span>
     <span class='ocr_line' id='line_1_10' title="bbox 155 1435 1282 1530; baseline -0.005 -25"><span class='ocrx_word' id='word_1_68' title='bbox 155 1439 242 1505; x_wconf 92' lang='lat' dir='ltr'><strong>lori¹</strong></span> <span class='ocrx_word' id='word_1_69' title='bbox 264 1466 280 1501; x_wconf 94' lang='lat'>»</span> <span class='ocrx_word' id='word_1_70' title='bbox 303 1460 338 1505; x_wconf 91' lang='lat' dir='ltr'><strong>se</strong></span> <span class='ocrx_word' id='word_1_71' title='bbox 360 1439 500 1522; x_wconf 85' lang='lat' dir='ltr'><strong>dedere,</strong></span> <span class='ocrx_word' id='word_1_72' title='bbox 523 1444 707 1530; x_wconf 88' lang='lat' dir='ltr'><strong>postquam</strong></span> <span class='ocrx_word' id='word_1_73' title='bbox 726 1439 890 1506; x_wconf 81' lang='lat' dir='ltr'><strong>Creusam</strong></span> <span class='ocrx_word' id='word_1_74' title='bbox 911 1437 977 1504; x_wconf 90' lang='lat' dir='ltr'><strong>sibi</strong></span> <span class='ocrx_word' id='word_1_75' title='bbox 997 1435 1168 1502; x_wconf 90' lang='lat' dir='ltr'><strong>sublatam</strong></span> <span class='ocrx_word' id='word_1_76' title='bbox 1188 1455 1282 1500; x_wconf 90' lang='lat' dir='ltr'><strong>com-</strong></span> 
     </span>
     <span class='ocr_line' id='line_1_11' title="bbox 155 1540 1282 1636; baseline -0.006 -23"><span class='ocrx_word' id='word_1_77' title='bbox 155 1547 306 1636; x_wconf 76' lang='lat' dir='ltr'><strong>peruit².</strong></span> <span class='ocrx_word' id='word_1_78' title='bbox 338 1547 429 1613; x_wconf 91' lang='lat' dir='ltr'><strong>Num</strong></span> <span class='ocrx_word' id='word_1_79' title='bbox 465 1569 548 1614; x_wconf 89' lang='lat' dir='ltr'><strong>vero</strong></span> <span class='ocrx_word' id='word_1_80' title='bbox 583 1552 698 1614; x_wconf 88' lang='lat' dir='ltr'><strong>tantae</strong></span> <span class='ocrx_word' id='word_1_81' title='bbox 730 1545 964 1636; x_wconf 83' lang='lat' dir='ltr'><strong>desperationi</strong></span> <span class='ocrx_word' id='word_1_82' title='bbox 991 1540 1204 1632; x_wconf 90' lang='lat' dir='ltr'><strong>respondere</strong></span> <span class='ocrx_word' id='word_1_83' title='bbox 1242 1563 1282 1607; x_wconf 92' lang='lat' dir='ltr'><strong>ea</strong></span> 
     </span>
     <span class='ocr_line' id='line_1_12' title="bbox 156 1647 1281 1744; baseline -0.006 -24"><span class='ocrx_word' id='word_1_84' title='bbox 156 1654 400 1735; x_wconf 89' lang='lat' dir='ltr'><strong>observamus,</strong></span> <span class='ocrx_word' id='word_1_85' title='bbox 423 1676 512 1744; x_wconf 89' lang='lat' dir='ltr'><strong>quae</strong></span> <span class='ocrx_word' id='word_1_86' title='bbox 536 1654 635 1720; x_wconf 91' lang='lat' dir='ltr'><strong>illum</strong></span> <span class='ocrx_word' id='word_1_87' title='bbox 658 1655 694 1720; x_wconf 88' lang='lat' dir='ltr'><strong>in</strong></span> <span class='ocrx_word' id='word_1_88' title='bbox 718 1654 783 1720; x_wconf 88' lang='lat' dir='ltr'><strong>hac</strong></span> <span class='ocrx_word' id='word_1_89' title='bbox 808 1653 989 1720; x_wconf 83' lang='lat' dir='ltr'><strong>occasione</strong></span> <span class='ocrx_word' id='word_1_90' title='bbox 1012 1651 1135 1716; x_wconf 85' lang='lat' dir='ltr'><strong>iecisse</strong></span> <span class='ocrx_word' id='word_1_91' title='bbox 1155 1647 1281 1734; x_wconf 80' lang='lat' dir='ltr'><strong>Vergi-</strong></span> 
     </span>
     <span class='ocr_line' id='line_1_13' title="bbox 154 1758 1058 1844; baseline -0.004 -18"><span class='ocrx_word' id='word_1_92' title='bbox 154 1759 235 1844; x_wconf 90' lang='lat' dir='ltr'><strong>lius,</strong></span> <span class='ocrx_word' id='word_1_93' title='bbox 259 1783 318 1828; x_wconf 87' lang='lat' dir='ltr'><strong>seu</strong></span> <span class='ocrx_word' id='word_1_94' title='bbox 339 1762 536 1843; x_wconf 74' lang='lat' dir='ltr'><strong>inscienter,</strong></span> <span class='ocrx_word' id='word_1_95' title='bbox 558 1783 619 1830; x_wconf 86' lang='lat' dir='ltr'><strong>seu</strong></span> <span class='ocrx_word' id='word_1_96' title='bbox 639 1760 807 1842; x_wconf 86' lang='lat' dir='ltr'><strong>consulte,</strong></span> <span class='ocrx_word' id='word_1_97' title='bbox 831 1758 1058 1844; x_wconf 80' lang='lat' dir='ltr'><strong>excogitavit?</strong></span> 
     </span>
    </p>

    <p class='ocr_par' dir='ltr' id='par_1_4' title="bbox 153 1862 1281 2169">
     <span class='ocr_line' id='line_1_14' title="bbox 201 1862 1281 1957; baseline -0.007 -22"><span class='ocrx_word' id='word_1_98' title='bbox 201 1867 288 1935; x_wconf 92' lang='lat' dir='ltr'><strong>Cum</strong></span> <span class='ocrx_word' id='word_1_99' title='bbox 307 1869 400 1935; x_wconf 92' lang='lat' dir='ltr'><strong>enim</strong></span> <span class='ocrx_word' id='word_1_100' title='bbox 420 1890 523 1935; x_wconf 88' lang='lat' dir='ltr'><strong>senex</strong></span> <span class='ocrx_word' id='word_1_101' title='bbox 541 1867 724 1951; x_wconf 76' lang='lat' dir='ltr'><strong>Anchises,</strong></span> <span class='ocrx_word' id='word_1_102' title='bbox 740 1866 1008 1957; x_wconf 76' lang='lat' dir='ltr'><strong>deprecantibus</strong></span> <span class='ocrx_word' id='word_1_103' title='bbox 1024 1864 1095 1931; x_wconf 91' lang='lat' dir='ltr'><strong>suis</strong></span> <span class='ocrx_word' id='word_1_104' title='bbox 1111 1885 1166 1945; x_wconf 90' lang='lat' dir='ltr'><strong>ne,</strong></span> <span class='ocrx_word' id='word_1_105' title='bbox 1184 1862 1281 1928; x_wconf 89' lang='lat' dir='ltr'><strong>abire</strong></span> 
     </span>
     <span class='ocr_line' id='line_1_15' title="bbox 153 1971 1281 2067; baseline -0.005 -25"><span class='ocrx_word' id='word_1_106' title='bbox 153 1976 294 2061; x_wconf 80' lang='lat' dir='ltr'><strong>nolenS,</strong></span> <span class='ocrx_word' id='word_1_107' title='bbox 326 1977 481 2067; x_wconf 91' lang='lat' dir='ltr'><strong>seipsum</strong></span> <span class='ocrx_word' id='word_1_108' title='bbox 514 1975 661 2065; x_wconf 89' lang='lat' dir='ltr'><strong>illosque</strong></span> <span class='ocrx_word' id='word_1_109' title='bbox 699 1975 803 2045; x_wconf 89' lang='lat' dir='ltr'><strong>simul</strong></span> <span class='ocrx_word' id='word_1_110' title='bbox 827 1994 947 2041; x_wconf 90' lang='lat' dir='ltr'><strong>omnes</strong></span> <span class='ocrx_word' id='word_1_111' title='bbox 967 1972 1106 2064; x_wconf 89' lang='lat' dir='ltr'><strong>perdat,</strong></span> <span class='ocrx_word' id='word_1_112' title='bbox 1128 1971 1281 2060; x_wconf 90' lang='lat' dir='ltr'><strong>pertina-</strong></span> 
     </span>
     <span class='ocr_line' id='line_1_16' title="bbox 157 2084 453 2169; baseline 0 -20"><span class='ocrx_word' id='word_1_113' title='bbox 157 2084 243 2150; x_wconf 81' lang='lat' dir='ltr'><strong>citer</strong></span> <span class='ocrx_word' id='word_1_114' title='bbox 262 2084 414 2169; x_wconf 77' lang='lat' dir='ltr'><strong>abnegat</strong></span> <span class='ocrx_word' id='word_1_115' title='bbox 428 2085 453 2166; x_wconf 82' lang='lat'><strong>³,</strong></span> 
     </span>
    </p>
   </div>
   <div class='ocr_carea' id='block_1_4' title="bbox 375 2248 1023 2316">
    <p class='ocr_par' dir='ltr' id='par_1_5' title="bbox 375 2248 1023 2316">
     <span class='ocr_line' id='line_1_17' title="bbox 375 2248 1023 2316; baseline -0.005 -13"><span class='ocrx_word' id='word_1_116' title='bbox 375 2250 551 2316; x_wconf 88' lang='lat' dir='ltr'><strong>inceptoque</strong></span> <span class='ocrx_word' id='word_1_117' title='bbox 564 2255 593 2304; x_wconf 91' lang='lat' dir='ltr'><strong>et</strong></span> <span class='ocrx_word' id='word_1_118' title='bbox 610 2251 729 2305; x_wconf 88' lang='lat' dir='ltr'><strong>sedibus</strong></span> <span class='ocrx_word' id='word_1_119' title='bbox 743 2250 846 2304; x_wconf 86' lang='lat' dir='ltr'><strong>haeret</strong></span> <span class='ocrx_word' id='word_1_120' title='bbox 862 2249 893 2301; x_wconf 90' lang='lat' dir='ltr'><strong>in</strong></span> <span class='ocrx_word' id='word_1_121' title='bbox 907 2248 1023 2312; x_wconf 88' lang='lat' dir='ltr'><strong>iisdem,</strong></span> 
     </span>
    </p>
   </div>
   <div class='ocr_carea' id='block_1_5' title="bbox 155 2395 906 2479">
    <p class='ocr_par' dir='ltr' id='par_1_6' title="bbox 155 2395 906 2479">
     <span class='ocr_line' id='line_1_18' title="bbox 155 2395 906 2479; baseline 0.001 -17"><span class='ocrx_word' id='word_1_122' title='bbox 155 2400 231 2462; x_wconf 92' lang='lat' dir='ltr'><strong>tum</strong></span> <span class='ocrx_word' id='word_1_123' title='bbox 248 2421 263 2456; x_wconf 93' lang='lat'>«</span> <span class='ocrx_word' id='word_1_124' title='bbox 286 2417 405 2464; x_wconf 88' lang='lat' dir='ltr'><strong>rursus</strong></span> <span class='ocrx_word' id='word_1_125' title='bbox 424 2397 460 2462; x_wconf 93' lang='lat' dir='ltr'><strong>in</strong></span> <span class='ocrx_word' id='word_1_126' title='bbox 475 2417 573 2462; x_wconf 89' lang='lat' dir='ltr'><strong>arma</strong></span> <span class='ocrx_word' id='word_1_127' title='bbox 590 2395 700 2462; x_wconf 87' lang='lat' dir='ltr'><strong>fertur</strong></span> <span class='ocrx_word' id='word_1_128' title='bbox 721 2423 737 2458; x_wconf 77' lang='lat' dir='ltr'><strong>a</strong></span> <span class='ocrx_word' id='word_1_129' title='bbox 758 2396 906 2479; x_wconf 77' lang='lat' dir='ltr'><strong>AeneaS,</strong></span> 
     </span>
    </p>
   </div>
   <div class='ocr_carea' id='block_1_6' title="bbox 373 2563 865 2629">
    <p class='ocr_par' dir='ltr' id='par_1_7' title="bbox 373 2563 865 2629">
     <span class='ocr_line' id='line_1_19' title="bbox 373 2563 865 2629; baseline -0.002 -13"><span class='ocrx_word' id='word_1_130' title='bbox 373 2568 559 2628; x_wconf 88' lang='lat' dir='ltr'><strong>mortemque</strong></span> <span class='ocrx_word' id='word_1_131' title='bbox 573 2563 759 2616; x_wconf 88' lang='lat' dir='ltr'><strong>miserrimus</strong></span> <span class='ocrx_word' id='word_1_132' title='bbox 774 2567 865 2629; x_wconf 91' lang='lat' dir='ltr'><strong>optat.</strong></span> 
     </span>
    </p>
   </div>
   <div class='ocr_carea' id='block_1_7' title="bbox 152 2676 1279 3013">
    <p class='ocr_par' dir='ltr' id='par_1_8' title="bbox 152 2676 1279 3013">
     <span class='ocr_line' id='line_1_20' title="bbox 155 2676 1279 2799; baseline -0.003 -23"><span class='ocrx_word' id='word_1_133' title='bbox 155 2707 294 2776; x_wconf 88' lang='lat' dir='ltr'><strong>Scilicet</strong></span> <span class='ocrx_word' id='word_1_134' title='bbox 318 2709 425 2795; x_wconf 83' lang='lat' dir='ltr'><strong>igitur</strong></span> <span class='ocrx_word' id='word_1_135' title='bbox 450 2713 567 2776; x_wconf 90' lang='lat' dir='ltr'><strong>censet</strong></span> <span class='ocrx_word' id='word_1_136' title='bbox 591 2709 667 2792; x_wconf 92' lang='lat' dir='ltr'><strong>ille,</strong></span> <span class='ocrx_word' id='word_1_137' title='bbox 695 2709 859 2799; x_wconf 90' lang='lat' dir='ltr'><strong>quoniam</strong></span> <span class='ocrx_word' id='word_1_138' title='bbox 877 2707 1045 2775; x_wconf 90' lang='lat' dir='ltr'><strong>Anchises</strong></span> <span class='ocrx_word' id='word_1_139' title='bbox 1069 2676 1200 2774; x_wconf 86' lang='lat' dir='ltr'><strong>servari</strong></span> <span class='ocrx_word' id='word_1_140' title='bbox 1219 2705 1279 2773; x_wconf 89' lang='lat' dir='ltr'><strong>ab·</strong></span> 
     </span>
     <span class='ocr_line' id='line_1_21' title="bbox 152 2814 1279 2907; baseline 0 -25"><span class='ocrx_word' id='word_1_141' title='bbox 152 2817 244 2896; x_wconf 88' lang='lat' dir='ltr'><strong>nuit,</strong></span> <span class='ocrx_word' id='word_1_142' title='bbox 273 2816 361 2881; x_wconf 90' lang='lat' dir='ltr'><strong>nihil</strong></span> <span class='ocrx_word' id='word_1_143' title='bbox 384 2816 451 2882; x_wconf 89' lang='lat' dir='ltr'><strong>sibi</strong></span> <span class='ocrx_word' id='word_1_144' title='bbox 476 2816 624 2907; x_wconf 89' lang='lat' dir='ltr'><strong>amplius</strong></span> <span class='ocrx_word' id='word_1_145' title='bbox 651 2816 746 2883; x_wconf 91' lang='lat' dir='ltr'><strong>domi</strong></span> <span class='ocrx_word' id='word_1_146' title='bbox 773 2837 956 2907; x_wconf 87' lang='lat' dir='ltr'><strong>superesse</strong></span> <span class='ocrx_word' id='word_1_147' title='bbox 977 2815 1167 2901; x_wconf 85' lang='lat' dir='ltr'><strong>agendum,</strong></span> <span class='ocrx_word' id='word_1_148' title='bbox 1191 2814 1279 2882; x_wconf 88' lang='lat' dir='ltr'><strong>suis-</strong></span> 
     </span>
     <span class='ocr_line' id='line_1_22' title="bbox 153 2920 1277 3013; baseline -0.001 -26"><span class='ocrx_word' id='word_1_149' title='bbox 153 2945 221 3011; x_wconf 90' lang='lat' dir='ltr'><strong>que</strong></span> <span class='ocrx_word' id='word_1_150' title='bbox 240 2923 367 2988; x_wconf 90' lang='lat' dir='ltr'><strong>iterum</strong></span> <span class='ocrx_word' id='word_1_151' title='bbox 383 2923 512 2990; x_wconf 87' lang='lat' dir='ltr'><strong>relictis</strong></span> <span class='ocrx_word' id='word_1_152' title='bbox 526 2922 658 3013; x_wconf 76' lang='lat' dir='ltr'><strong>‘—(de</strong></span> <span class='ocrx_word' id='word_1_153' title='bbox 677 2923 804 3013; x_wconf 91' lang='lat' dir='ltr'><strong>quibus</strong></span> <span class='ocrx_word' id='word_1_154' title='bbox 826 2921 911 3012; x_wconf 89' lang='lat' dir='ltr'><strong>quid</strong></span> <span class='ocrx_word' id='word_1_155' title='bbox 929 2923 1083 2988; x_wconf 88' lang='lat' dir='ltr'><strong>futurum</strong></span> <span class='ocrx_word' id='word_1_156' title='bbox 1102 2922 1157 3004; x_wconf 89' lang='lat' dir='ltr'><strong>sit,</strong></span> <span class='ocrx_word' id='word_1_157' title='bbox 1179 2920 1277 2987; x_wconf 89' lang='lat' dir='ltr'><strong>flocci</strong></span> 
     </span>
    </p>
   </div>
   <div class='ocr_carea' id='block_1_8' title="bbox 144 3116 1277 4447">
    <p class='ocr_par' dir='ltr' id='par_1_9' title="bbox 185 3116 409 3175">
     <span class='ocr_line' id='line_1_23' title="bbox 185 3116 409 3175; baseline -0.004 -8"><span class='ocrx_word' id='word_1_158' title='bbox 185 3117 208 3168; x_wconf 90' lang='lat'><strong>1.</strong></span> <span class='ocrx_word' id='word_1_159' title='bbox 223 3118 295 3165; x_wconf 83' lang='lat' dir='ltr'><strong>Aen.</strong></span> <span class='ocrx_word' id='word_1_160' title='bbox 311 3116 342 3175; x_wconf 87' lang='lat' dir='ltr'><strong>ll,</strong></span> <span class='ocrx_word' id='word_1_161' title='bbox 355 3117 409 3166; x_wconf 75' lang='lat'>776.</span> 
     </span>
    </p>

    <p class='ocr_par' dir='ltr' id='par_1_10' title="bbox 148 3187 1277 3680">
     <span class='ocr_line' id='line_1_24' title="bbox 182 3187 1277 3253; baseline 0.001 -16"><span class='ocrx_word' id='word_1_162' title='bbox 182 3188 206 3237; x_wconf 80' lang='lat'><strong>2.</strong></span> <span class='ocrx_word' id='word_1_163' title='bbox 222 3188 288 3238; x_wconf 80' lang='lat' dir='ltr'><strong>Aea.</strong></span> <span class='ocrx_word' id='word_1_164' title='bbox 310 3188 346 3248; x_wconf 91' lang='lat' dir='ltr'><strong>Ii,</strong></span> <span class='ocrx_word' id='word_1_165' title='bbox 361 3187 428 3237; x_wconf 72' lang='lat'>745:</span> <span class='ocrx_word' id='word_1_166' title='bbox 445 3187 521 3247; x_wconf 90' lang='lat' dir='ltr'><strong>Quem</strong></span> <span class='ocrx_word' id='word_1_167' title='bbox 541 3202 588 3236; x_wconf 90' lang='lat' dir='ltr'><strong>non</strong></span> <span class='ocrx_word' id='word_1_168' title='bbox 611 3188 721 3236; x_wconf 87' lang='lat' dir='ltr'><strong>incusavi</strong></span> <span class='ocrx_word' id='word_1_169' title='bbox 743 3203 826 3237; x_wconf 88' lang='lat' dir='ltr'><strong>amens</strong></span> <span class='ocrx_word' id='word_1_170' title='bbox 844 3188 1018 3253; x_wconf 86' lang='lat' dir='ltr'><strong>hominumque</strong></span> <span class='ocrx_word' id='word_1_171' title='bbox 1032 3189 1204 3252; x_wconf 85' lang='lat' dir='ltr'><strong>Deorumque‘?</strong></span> <span class='ocrx_word' id='word_1_172' title='bbox 1221 3190 1277 3238; x_wconf 80' lang='lat' dir='ltr'><strong>Aut</strong></span> 
     </span>
     <span class='ocr_line' id='line_1_25' title="bbox 150 3254 1275 3324; baseline 0.002 -18"><span class='ocrx_word' id='word_1_173' title='bbox 150 3258 218 3323; x_wconf 80' lang='lat' dir='ltr'><strong>quid</strong></span> <span class='ocrx_word' id='word_1_174' title='bbox 241 3261 268 3307; x_wconf 80' lang='lat' dir='ltr'><strong>iu</strong></span> <span class='ocrx_word' id='word_1_175' title='bbox 289 3274 378 3309; x_wconf 71' lang='lat' dir='ltr'><strong>euersa</strong></span> <span class='ocrx_word' id='word_1_176' title='bbox 400 3260 454 3309; x_wconf 83' lang='lat' dir='ltr'><strong>vidi</strong></span> <span class='ocrx_word' id='word_1_177' title='bbox 476 3258 610 3308; x_wconf 82' lang='lat' dir='ltr'><strong>crudelius</strong></span> <span class='ocrx_word' id='word_1_178' title='bbox 629 3259 716 3309; x_wconf 80' lang='lat' dir='ltr'><strong>orbe?</strong></span> <span class='ocrx_word' id='word_1_179' title='bbox 738 3287 769 3296; x_wconf 92' lang='lat'><em>-</em></span> <span class='ocrx_word' id='word_1_180' title='bbox 789 3254 891 3309; x_wconf 71' lang='lat' dir='ltr'><strong>Saeuus</strong></span> <span class='ocrx_word' id='word_1_181' title='bbox 911 3261 963 3324; x_wconf 90' lang='lat' dir='ltr'><strong>ipse</strong></span> <span class='ocrx_word' id='word_1_182' title='bbox 984 3260 1095 3310; x_wconf 89' lang='lat' dir='ltr'><strong>subridet</strong></span> <span class='ocrx_word' id='word_1_183' title='bbox 1112 3261 1159 3308; x_wconf 93' lang='lat' dir='ltr'><strong>hoc</strong></span> <span class='ocrx_word' id='word_1_184' title='bbox 1178 3261 1231 3309; x_wconf 91' lang='lat' dir='ltr'><strong>loeo</strong></span> <span class='ocrx_word' id='word_1_185' title='bbox 1251 3265 1275 3312; x_wconf 86' lang='lat' dir='ltr'><strong>et</strong></span> 
     </span>
     <span class='ocr_line' id='line_1_26' title="bbox 150 3330 1276 3393; baseline 0 -14"><span class='ocrx_word' id='word_1_186' title='bbox 150 3331 262 3379; x_wconf 90' lang='lat' dir='ltr'><strong>nonnihil</strong></span> <span class='ocrx_word' id='word_1_187' title='bbox 280 3332 411 3393; x_wconf 86' lang='lat' dir='ltr'><strong>jactantiae</strong></span> <span class='ocrx_word' id='word_1_188' title='bbox 426 3332 460 3381; x_wconf 91' lang='lat' dir='ltr'><strong>ibi</strong></span> <span class='ocrx_word' id='word_1_189' title='bbox 473 3330 609 3379; x_wconf 87' lang='lat' dir='ltr'><strong>odoratur:</strong></span> <span class='ocrx_word' id='word_1_190' title='bbox 621 3350 632 3375; x_wconf 74' lang='lat' dir='ltr'><strong>a</strong></span> <span class='ocrx_word' id='word_1_191' title='bbox 648 3331 713 3379; x_wconf 89' lang='lat' dir='ltr'><strong>Bene</strong></span> <span class='ocrx_word' id='word_1_192' title='bbox 722 3345 748 3378; x_wconf 91' lang='lat' dir='ltr'><strong>se</strong></span> <span class='ocrx_word' id='word_1_193' title='bbox 761 3331 857 3380; x_wconf 87' lang='lat' dir='ltr'><strong>futurus</strong></span> <span class='ocrx_word' id='word_1_194' title='bbox 870 3333 1024 3381; x_wconf 85' lang='lat' dir='ltr'><strong>commendat</strong></span> <span class='ocrx_word' id='word_1_195' title='bbox 1035 3333 1136 3380; x_wconf 87' lang='lat' dir='ltr'><strong>maritus</strong></span> <span class='ocrx_word' id='word_1_196' title='bbox 1148 3351 1169 3391; x_wconf 90' lang='lat'><strong>»,</strong></span> <span class='ocrx_word' id='word_1_197' title='bbox 1181 3333 1276 3380; x_wconf 88' lang='lat' dir='ltr'><strong>scilicet</strong></span> 
     </span>
     <span class='ocr_line' id='line_1_27' title="bbox 149 3401 1274 3466; baseline 0 -17"><span class='ocrx_word' id='word_1_198' title='bbox 149 3401 239 3450; x_wconf 87' lang='lat' dir='ltr'><strong>Didoni</strong></span> <span class='ocrx_word' id='word_1_199' title='bbox 257 3403 375 3455; x_wconf 86' lang='lat' dir='ltr'><strong>audienti.</strong></span> <span class='ocrx_word' id='word_1_200' title='bbox 389 3425 418 3439; x_wconf 45' lang='lat' dir='ltr'><strong>-h</strong></span> <span class='ocrx_word' id='word_1_201' title='bbox 433 3403 468 3451; x_wconf 81' lang='lat' dir='ltr'><strong>Cf.</strong></span> <span class='ocrx_word' id='word_1_202' title='bbox 486 3402 606 3464; x_wconf 71' lang='lat' dir='ltr'><strong>tos-7⁴15,</strong></span> <span class='ocrx_word' id='word_1_203' title='bbox 621 3401 735 3451; x_wconf 75' lang='lat' dir='ltr'><strong>tto-795.</strong></span> <span class='ocrx_word' id='word_1_204' title='bbox 751 3429 781 3439; x_wconf 93' lang='lat'><em>-</em></span> <span class='ocrx_word' id='word_1_205' title='bbox 794 3401 850 3452; x_wconf 82' lang='lat' dir='ltr'><strong>vio.</strong></span> <span class='ocrx_word' id='word_1_206' title='bbox 866 3418 964 3466; x_wconf 89' lang='lat' dir='ltr'><strong>quoque</strong></span> <span class='ocrx_word' id='word_1_207' title='bbox 979 3419 1002 3451; x_wconf 90' lang='lat' dir='ltr'><strong>v.</strong></span> <span class='ocrx_word' id='word_1_208' title='bbox 1016 3402 1063 3453; x_wconf 80' lang='lat'><strong>738</strong></span> <span class='ocrx_word' id='word_1_209' title='bbox 1079 3418 1084 3451; x_wconf 90' lang='lat'>:</span> <span class='ocrx_word' id='word_1_210' title='bbox 1104 3403 1167 3450; x_wconf 87' lang='lat' dir='ltr'><strong>iieul</strong></span> <span class='ocrx_word' id='word_1_211' title='bbox 1183 3403 1274 3450; x_wconf 91' lang='lat' dir='ltr'><strong>misero</strong></span> 
     </span>
     <span class='ocr_line' id='line_1_28' title="bbox 149 3473 1274 3537; baseline -0.002 -15"><span class='ocrx_word' id='word_1_212' title='bbox 149 3474 256 3534; x_wconf 83' lang='lat' dir='ltr'><strong>conjunx</strong></span> <span class='ocrx_word' id='word_1_213' title='bbox 281 3473 362 3522; x_wconf 83' lang='lat' dir='ltr'><strong>tatone</strong></span> <span class='ocrx_word' id='word_1_214' title='bbox 390 3479 474 3537; x_wconf 88' lang='lat' dir='ltr'><strong>erepta</strong></span> <span class='ocrx_word' id='word_1_215' title='bbox 498 3473 598 3535; x_wconf 86' lang='lat' dir='ltr'><strong>Creusa,</strong></span> <span class='ocrx_word' id='word_1_216' title='bbox 623 3479 691 3524; x_wconf 88' lang='lat' dir='ltr'><strong>etc...</strong></span> <span class='ocrx_word' id='word_1_217' title='bbox 717 3474 810 3523; x_wconf 79' lang='lat' dir='ltr'><strong>Misero</strong></span> <span class='ocrx_word' id='word_1_218' title='bbox 831 3488 886 3523; x_wconf 92' lang='lat' dir='ltr'><strong>cum</strong></span> <span class='ocrx_word' id='word_1_219' title='bbox 907 3474 973 3523; x_wconf 84' lang='lat' dir='ltr'><strong>milti</strong></span> <span class='ocrx_word' id='word_1_220' title='bbox 998 3474 1149 3537; x_wconf 84' lang='lat' dir='ltr'><strong>(subaudito)</strong></span> <span class='ocrx_word' id='word_1_221' title='bbox 1171 3473 1274 3534; x_wconf 89' lang='lat' dir='ltr'><strong>conjun-</strong></span> 
     </span>
     <span class='ocr_line' id='line_1_29' title="bbox 149 3543 1273 3609; baseline 0 -17"><span class='ocrx_word' id='word_1_222' title='bbox 149 3545 254 3607; x_wconf 85' lang='lat' dir='ltr'><strong>gendum</strong></span> <span class='ocrx_word' id='word_1_223' title='bbox 266 3544 381 3603; x_wconf 87' lang='lat' dir='ltr'><strong>arbitror,</strong></span> <span class='ocrx_word' id='word_1_224' title='bbox 392 3546 456 3594; x_wconf 90' lang='lat' dir='ltr'><strong>sicut</strong></span> <span class='ocrx_word' id='word_1_225' title='bbox 470 3545 560 3604; x_wconf 80' lang='lat' dir='ltr'><strong>Harae,</strong></span> <span class='ocrx_word' id='word_1_226' title='bbox 572 3545 747 3609; x_wconf 82' lang='lat' dir='ltr'><strong>Wuunsomcu,</strong></span> <span class='ocrx_word' id='word_1_227' title='bbox 764 3545 874 3607; x_wconf 84' lang='lat' dir='ltr'><strong>Bauorsr,</strong></span> <span class='ocrx_word' id='word_1_228' title='bbox 887 3546 1009 3607; x_wconf 77' lang='lat' dir='ltr'><strong>Wsouaa,</strong></span> <span class='ocrx_word' id='word_1_229' title='bbox 1025 3545 1153 3605; x_wconf 72' lang='lat' dir='ltr'><strong>Formosa,</strong></span> <span class='ocrx_word' id='word_1_230' title='bbox 1171 3543 1273 3593; x_wconf 76' lang='lat' dir='ltr'><strong>Correo·</strong></span> 
     </span>
     <span class='ocr_line' id='line_1_30' title="bbox 148 3614 1020 3680; baseline 0.002 -16"><span class='ocrx_word' id='word_1_231' title='bbox 148 3631 203 3666; x_wconf 83' lang='lat' dir='ltr'><strong>ron.</strong></span> <span class='ocrx_word' id='word_1_232' title='bbox 218 3642 249 3651; x_wconf 91' lang='lat'><em>-</em></span> <span class='ocrx_word' id='word_1_233' title='bbox 265 3614 301 3664; x_wconf 85' lang='lat' dir='ltr'><strong>Cl.</strong></span> <span class='ocrx_word' id='word_1_234' title='bbox 320 3617 435 3678; x_wconf 87' lang='lat' dir='ltr'><strong>optimam</strong></span> <span class='ocrx_word' id='word_1_235' title='bbox 448 3618 473 3664; x_wconf 96' lang='lat' dir='ltr'><strong>in</strong></span> <span class='ocrx_word' id='word_1_236' title='bbox 488 3616 552 3664; x_wconf 90' lang='lat' dir='ltr'><strong>hunc</strong></span> <span class='ocrx_word' id='word_1_237' title='bbox 566 3616 646 3665; x_wconf 90' lang='lat' dir='ltr'><strong>locum</strong></span> <span class='ocrx_word' id='word_1_238' title='bbox 660 3618 769 3666; x_wconf 85' lang='lat' dir='ltr'><strong>notulam</strong></span> <span class='ocrx_word' id='word_1_239' title='bbox 784 3616 850 3680; x_wconf 86' lang='lat' dir='ltr'><strong>opud</strong></span> <span class='ocrx_word' id='word_1_240' title='bbox 867 3617 894 3668; x_wconf 85' lang='lat' dir='ltr'><strong>E.</strong></span> <span class='ocrx_word' id='word_1_241' title='bbox 909 3617 1020 3666; x_wconf 80' lang='lat' dir='ltr'><strong>Bauotsr.</strong></span> 
     </span>
    </p>

    <p class='ocr_par' dir='ltr' id='par_1_11' title="bbox 178 3685 460 3750">
     <span class='ocr_line' id='line_1_31' title="bbox 178 3685 460 3750; baseline 0 -15"><span class='ocrx_word' id='word_1_242' title='bbox 178 3686 202 3735; x_wconf 86' lang='lat'><strong>3.</strong></span> <span class='ocrx_word' id='word_1_243' title='bbox 219 3687 286 3736; x_wconf 81' lang='lat' dir='ltr'><strong>Aere.</strong></span> <span class='ocrx_word' id='word_1_244' title='bbox 301 3685 327 3745; x_wconf 91' lang='lat' dir='ltr'><strong>li,</strong></span> <span class='ocrx_word' id='word_1_245' title='bbox 343 3686 390 3735; x_wconf 79' lang='lat'><strong>650</strong></span> <span class='ocrx_word' id='word_1_246' title='bbox 407 3701 460 3750; x_wconf 91' lang='lat' dir='ltr'><strong>sqq.</strong></span> 
     </span>
    </p>

    <p class='ocr_par' dir='ltr' id='par_1_12' title="bbox 144 3757 1272 4447">
     <span class='ocr_line' id='line_1_32' title="bbox 179 3757 1270 3820; baseline 0 -14"><span class='ocrx_word' id='word_1_247' title='bbox 179 3759 203 3808; x_wconf 80' lang='lat' dir='ltr'><strong>lr.</strong></span> <span class='ocrx_word' id='word_1_248' title='bbox 219 3757 317 3806; x_wconf 81' lang='lat' dir='ltr'><strong>Minime</strong></span> <span class='ocrx_word' id='word_1_249' title='bbox 329 3758 393 3805; x_wconf 88' lang='lat' dir='ltr'><strong>enim</strong></span> <span class='ocrx_word' id='word_1_250' title='bbox 409 3758 537 3806; x_wconf 79' lang='lat' dir='ltr'><strong>festinasse</strong></span> <span class='ocrx_word' id='word_1_251' title='bbox 552 3758 659 3807; x_wconf 88' lang='lat' dir='ltr'><strong>Aeneam</strong></span> <span class='ocrx_word' id='word_1_252' title='bbox 674 3759 793 3818; x_wconf 89' lang='lat' dir='ltr'><strong>videmus,</strong></span> <span class='ocrx_word' id='word_1_253' title='bbox 813 3759 843 3807; x_wconf 91' lang='lat' dir='ltr'><strong>ad</strong></span> <span class='ocrx_word' id='word_1_254' title='bbox 859 3773 917 3807; x_wconf 88' lang='lat' dir='ltr'><strong>suos</strong></span> <span class='ocrx_word' id='word_1_255' title='bbox 932 3757 1101 3807; x_wconf 78' lang='lat' dir='ltr'><strong>defendendos</strong></span> <span class='ocrx_word' id='word_1_256' title='bbox 1114 3757 1270 3820; x_wconf 87' lang='lat' dir='ltr'><strong>redeuntem;</strong></span> 
     </span>
     <span class='ocr_line' id='line_1_33' title="bbox 147 3828 1272 3893; baseline 0.002 -17"><span class='ocrx_word' id='word_1_257' title='bbox 147 3843 203 3877; x_wconf 90' lang='lat' dir='ltr'><strong>nam</strong></span> <span class='ocrx_word' id='word_1_258' title='bbox 219 3843 244 3877; x_wconf 91' lang='lat' dir='ltr'><strong>v.</strong></span> <span class='ocrx_word' id='word_1_259' title='bbox 260 3828 315 3886; x_wconf 78' lang='lat'><strong>562,</strong></span> <span class='ocrx_word' id='word_1_260' title='bbox 331 3849 342 3872; x_wconf 74' lang='lat' dir='ltr'><strong>o</strong></span> <span class='ocrx_word' id='word_1_261' title='bbox 358 3829 424 3876; x_wconf 88' lang='lat' dir='ltr'><strong>subit</strong></span> <span class='ocrx_word' id='word_1_262' title='bbox 439 3833 542 3876; x_wconf 86' lang='lat' dir='ltr'><strong>mentem</strong></span> <span class='ocrx_word' id='word_1_263' title='bbox 559 3848 569 3873; x_wconf 77' lang='lat' dir='ltr'><strong>o</strong></span> <span class='ocrx_word' id='word_1_264' title='bbox 585 3829 638 3890; x_wconf 86' lang='lat' dir='ltr'><strong>ejus</strong></span> <span class='ocrx_word' id='word_1_265' title='bbox 651 3850 662 3874; x_wconf 76' lang='grc' dir='ltr'><strong>(ι</strong></span> <span class='ocrx_word' id='word_1_266' title='bbox 682 3831 734 3878; x_wconf 89' lang='lat' dir='ltr'><strong>cari</strong></span> <span class='ocrx_word' id='word_1_267' title='bbox 749 3831 867 3893; x_wconf 81' lang='lat' dir='ltr'><strong>genitoris</strong></span> <span class='ocrx_word' id='word_1_268' title='bbox 884 3832 994 3892; x_wconf 86' lang='lat' dir='ltr'><strong>imago...</strong></span> <span class='ocrx_word' id='word_1_269' title='bbox 1011 3829 1111 3878; x_wconf 86' lang='lat' dir='ltr'><strong>deserta</strong></span> <span class='ocrx_word' id='word_1_270' title='bbox 1126 3828 1230 3888; x_wconf 86' lang='lat' dir='ltr'><strong>Creusa,</strong></span> <span class='ocrx_word' id='word_1_271' title='bbox 1247 3834 1272 3878; x_wconf 89' lang='lat' dir='ltr'><strong>et</strong></span> 
     </span>
     <span class='ocr_line' id='line_1_34' title="bbox 147 3899 1270 3964; baseline 0.001 -16"><span class='ocrx_word' id='word_1_272' title='bbox 147 3900 244 3962; x_wconf 88' lang='lat' dir='ltr'><strong>direpta</strong></span> <span class='ocrx_word' id='word_1_273' title='bbox 259 3900 354 3959; x_wconf 88' lang='lat' dir='ltr'><strong>domus,</strong></span> <span class='ocrx_word' id='word_1_274' title='bbox 371 3903 395 3947; x_wconf 89' lang='lat' dir='ltr'><strong>et</strong></span> <span class='ocrx_word' id='word_1_275' title='bbox 411 3899 480 3962; x_wconf 87' lang='lat' dir='ltr'><strong>parvi</strong></span> <span class='ocrx_word' id='word_1_276' title='bbox 496 3913 568 3947; x_wconf 90' lang='lat' dir='ltr'><strong>casus</strong></span> <span class='ocrx_word' id='word_1_277' title='bbox 584 3899 646 3960; x_wconf 84' lang='lat' dir='ltr'><strong>Iuii;</strong></span> <span class='ocrx_word' id='word_1_278' title='bbox 664 3919 676 3945; x_wconf 72' lang='lat' dir='ltr'><strong>o</strong></span> <span class='ocrx_word' id='word_1_279' title='bbox 692 3907 750 3950; x_wconf 87' lang='lat' dir='ltr'><strong>tunc</strong></span> <span class='ocrx_word' id='word_1_280' title='bbox 763 3914 821 3949; x_wconf 89' lang='lat' dir='ltr'><strong>vero</strong></span> <span class='ocrx_word' id='word_1_281' title='bbox 837 3901 943 3964; x_wconf 88' lang='lat' dir='ltr'><strong>adspicit</strong></span> <span class='ocrx_word' id='word_1_282' title='bbox 959 3900 1083 3962; x_wconf 90' lang='lat' dir='ltr'><strong>Helenam,</strong></span> <span class='ocrx_word' id='word_1_283' title='bbox 1101 3914 1173 3963; x_wconf 83' lang='lat' dir='ltr'><strong>quam</strong></span> <span class='ocrx_word' id='word_1_284' title='bbox 1189 3900 1270 3949; x_wconf 88' lang='lat' dir='ltr'><strong>inter-</strong></span> 
     </span>
     <span class='ocr_line' id='line_1_35' title="bbox 147 3969 1271 4034; baseline 0.001 -15"><span class='ocrx_word' id='word_1_285' title='bbox 147 3971 220 4020; x_wconf 76' lang='lat' dir='ltr'><strong>licere</strong></span> <span class='ocrx_word' id='word_1_286' title='bbox 244 3972 313 4030; x_wconf 90' lang='lat' dir='ltr'><strong>vuit;</strong></span> <span class='ocrx_word' id='word_1_287' title='bbox 329 3984 374 4018; x_wconf 87' lang='lat' dir='ltr'><strong>nec</strong></span> <span class='ocrx_word' id='word_1_288' title='bbox 389 3972 442 4018; x_wconf 86' lang='lat' dir='ltr'><strong>sine</strong></span> <span class='ocrx_word' id='word_1_289' title='bbox 464 3983 538 4018; x_wconf 89' lang='lat' dir='ltr'><strong>causa</strong></span> <span class='ocrx_word' id='word_1_290' title='bbox 557 3969 649 4029; x_wconf 89' lang='lat' dir='ltr'><strong>Venus,</strong></span> <span class='ocrx_word' id='word_1_291' title='bbox 672 3985 735 4034; x_wconf 88' lang='lat' dir='ltr'><strong>quae</strong></span> <span class='ocrx_word' id='word_1_292' title='bbox 757 3985 811 4020; x_wconf 87' lang='lat' dir='ltr'><strong>sese</strong></span> <span class='ocrx_word' id='word_1_293' title='bbox 833 3973 855 4020; x_wconf 90' lang='lat' dir='ltr'><strong>ei</strong></span> <span class='ocrx_word' id='word_1_294' title='bbox 870 3972 1002 4020; x_wconf 82' lang='lat' dir='ltr'><strong>videndum</strong></span> <span class='ocrx_word' id='word_1_295' title='bbox 1028 3972 1109 4030; x_wconf 85' lang='lat' dir='ltr'><strong>otiert,</strong></span> <span class='ocrx_word' id='word_1_296' title='bbox 1137 3975 1217 4018; x_wconf 87' lang='lat' dir='ltr'><strong>monet</strong></span> <span class='ocrx_word' id='word_1_297' title='bbox 1236 3971 1271 4033; x_wconf 92' lang='lat' dir='ltr'><strong>(in</strong></span> 
     </span>
     <span class='ocr_line' id='line_1_36' title="bbox 147 4041 1271 4104; baseline 0 -14"><span class='ocrx_word' id='word_1_298' title='bbox 147 4058 171 4090; x_wconf 91' lang='lat' dir='ltr'><strong>v.</strong></span> <span class='ocrx_word' id='word_1_299' title='bbox 188 4041 234 4090; x_wconf 81' lang='lat'><strong>596</strong></span> <span class='ocrx_word' id='word_1_300' title='bbox 249 4041 297 4104; x_wconf 81' lang='lat' dir='ltr'><strong>sq.)</strong></span> <span class='ocrx_word' id='word_1_301' title='bbox 312 4047 338 4090; x_wconf 92' lang='lat' dir='ltr'><strong>ut</strong></span> <span class='ocrx_word' id='word_1_302' title='bbox 351 4043 382 4090; x_wconf 90' lang='lat' dir='ltr'><strong>de</strong></span> <span class='ocrx_word' id='word_1_303' title='bbox 397 4045 474 4104; x_wconf 88' lang='lat' dir='ltr'><strong>patre,</strong></span> <span class='ocrx_word' id='word_1_304' title='bbox 493 4055 567 4089; x_wconf 81' lang='lat' dir='ltr'><strong>uxore</strong></span> <span class='ocrx_word' id='word_1_305' title='bbox 583 4046 607 4089; x_wconf 90' lang='lat' dir='ltr'><strong>ct</strong></span> <span class='ocrx_word' id='word_1_306' title='bbox 620 4042 672 4091; x_wconf 85' lang='lat' dir='ltr'><strong>illio</strong></span> <span class='ocrx_word' id='word_1_307' title='bbox 687 4043 768 4104; x_wconf 91' lang='lat' dir='ltr'><strong>potius</strong></span> <span class='ocrx_word' id='word_1_308' title='bbox 779 4043 877 4104; x_wconf 79' lang='lat' dir='ltr'><strong>cogitet.</strong></span> <span class='ocrx_word' id='word_1_309' title='bbox 890 4043 956 4090; x_wconf 87' lang='lat' dir='ltr'><strong>-In</strong></span> <span class='ocrx_word' id='word_1_310' title='bbox 967 4057 1040 4091; x_wconf 87' lang='lat' dir='ltr'><strong>versu</strong></span> <span class='ocrx_word' id='word_1_311' title='bbox 1054 4042 1109 4103; x_wconf 77' lang='lat'><strong>634,</strong></span> <span class='ocrx_word' id='word_1_312' title='bbox 1123 4063 1134 4087; x_wconf 74' lang='grc' dir='ltr'>α</span> <span class='ocrx_word' id='word_1_313' title='bbox 1147 4043 1177 4090; x_wconf 87' lang='lat' dir='ltr'><strong>ad</strong></span> <span class='ocrx_word' id='word_1_314' title='bbox 1188 4042 1271 4090; x_wconf 87' lang='lat' dir='ltr'><strong>limina</strong></span> 
     </span>
     <span class='ocr_line' id='line_1_37' title="bbox 146 4112 1268 4176; baseline -0.002 -14"><span class='ocrx_word' id='word_1_315' title='bbox 146 4113 215 4162; x_wconf 88' lang='lat' dir='ltr'><strong>sedis</strong></span> <span class='ocrx_word' id='word_1_316' title='bbox 241 4131 252 4157; x_wconf 87' lang='lat'>»</span> <span class='ocrx_word' id='word_1_317' title='bbox 274 4114 371 4161; x_wconf 86' lang='lat' dir='ltr'><strong>tandem</strong></span> <span class='ocrx_word' id='word_1_318' title='bbox 391 4112 513 4174; x_wconf 81' lang='lat' dir='ltr'><strong>pervenit.</strong></span> <span class='ocrx_word' id='word_1_319' title='bbox 536 4138 566 4148; x_wconf 95' lang='lat'>-</span> <span class='ocrx_word' id='word_1_320' title='bbox 592 4112 690 4174; x_wconf 86' lang='lat' dir='ltr'><strong>Deque</strong></span> <span class='ocrx_word' id='word_1_321' title='bbox 708 4113 762 4162; x_wconf 86' lang='lat' dir='ltr'><strong>loco</strong></span> <span class='ocrx_word' id='word_1_322' title='bbox 781 4114 837 4162; x_wconf 90' lang='lat' dir='ltr'><strong>vide</strong></span> <span class='ocrx_word' id='word_1_323' title='bbox 853 4112 988 4173; x_wconf 81' lang='lat' dir='ltr'><strong>Wsmuen,</strong></span> <span class='ocrx_word' id='word_1_324' title='bbox 1007 4129 1032 4176; x_wconf 87' lang='lat' dir='ltr'><strong>p.</strong></span> <span class='ocrx_word' id='word_1_325' title='bbox 1053 4113 1116 4173; x_wconf 70' lang='lat'><strong>4013</strong></span> <span class='ocrx_word' id='word_1_326' title='bbox 1134 4113 1268 4173; x_wconf 80' lang='lat' dir='ltr'><strong>Sououtrn,</strong></span> 
     </span>
     <span class='ocr_line' id='line_1_38' title="bbox 147 4183 1270 4253; baseline -0.001 -20"><span class='ocrx_word' id='word_1_327' title='bbox 147 4187 255 4246; x_wconf 83' lang='lat' dir='ltr'><strong>Quoeat.</strong></span> <span class='ocrx_word' id='word_1_328' title='bbox 274 4183 357 4249; x_wconf 70' lang='lat' dir='ltr'><strong>Verp,</strong></span> <span class='ocrx_word' id='word_1_329' title='bbox 373 4198 398 4246; x_wconf 92' lang='lat' dir='ltr'><strong>p.</strong></span> <span class='ocrx_word' id='word_1_330' title='bbox 418 4183 457 4232; x_wconf 78' lang='lat'><strong>22.</strong></span> <span class='ocrx_word' id='word_1_331' title='bbox 471 4209 501 4219; x_wconf 93' lang='lat'><em>-</em></span> <span class='ocrx_word' id='word_1_332' title='bbox 516 4183 565 4231; x_wconf 87' lang='lat' dir='ltr'><strong>Etsi</strong></span> <span class='ocrx_word' id='word_1_333' title='bbox 582 4198 640 4232; x_wconf 88' lang='lat' dir='ltr'><strong>vero</strong></span> <span class='ocrx_word' id='word_1_334' title='bbox 657 4184 764 4232; x_wconf 89' lang='lat' dir='ltr'><strong>tollenda</strong></span> <span class='ocrx_word' id='word_1_335' title='bbox 779 4185 812 4233; x_wconf 91' lang='lat' dir='ltr'><strong>sit</strong></span> <span class='ocrx_word' id='word_1_336' title='bbox 826 4199 840 4233; x_wconf 91' lang='lat' dir='ltr'><strong>e</strong></span> <span class='ocrx_word' id='word_1_337' title='bbox 855 4186 951 4234; x_wconf 85' lang='lat' dir='ltr'><strong>sincero</strong></span> <span class='ocrx_word' id='word_1_338' title='bbox 967 4185 1069 4248; x_wconf 84' lang='lat' dir='ltr'><strong>Vergilii</strong></span> <span class='ocrx_word' id='word_1_339' title='bbox 1079 4189 1147 4253; x_wconf 78' lang='lat' dir='ltr'><strong>testu</strong></span> <span class='ocrx_word' id='word_1_340' title='bbox 1162 4185 1270 4233; x_wconf 89' lang='lat' dir='ltr'><strong>narratio</strong></span> 
     </span>
     <span class='ocr_line' id='line_1_39' title="bbox 146 4253 1267 4319; baseline -0.002 -14"><span class='ocrx_word' id='word_1_341' title='bbox 146 4257 177 4305; x_wconf 89' lang='lat' dir='ltr'><strong>de</strong></span> <span class='ocrx_word' id='word_1_342' title='bbox 192 4256 285 4304; x_wconf 90' lang='lat' dir='ltr'><strong>Helena</strong></span> <span class='ocrx_word' id='word_1_343' title='bbox 298 4255 338 4318; x_wconf 85' lang='lat' dir='ltr'><strong>(ll,</strong></span> <span class='ocrx_word' id='word_1_344' title='bbox 355 4253 482 4318; x_wconf 77' lang='lat' dir='ltr'><strong>ott-588),</strong></span> <span class='ocrx_word' id='word_1_345' title='bbox 497 4267 569 4317; x_wconf 89' lang='lat' dir='ltr'><strong>quam</strong></span> <span class='ocrx_word' id='word_1_346' title='bbox 584 4254 683 4317; x_wconf 91' lang='lat' dir='ltr'><strong>quidem</strong></span> <span class='ocrx_word' id='word_1_347' title='bbox 708 4255 879 4319; x_wconf 85' lang='lat' dir='ltr'><strong>interpolatam</strong></span> <span class='ocrx_word' id='word_1_348' title='bbox 904 4257 980 4305; x_wconf 87' lang='lat' dir='ltr'><strong>luisse</strong></span> <span class='ocrx_word' id='word_1_349' title='bbox 1004 4256 1079 4305; x_wconf 88' lang='lat' dir='ltr'><strong>multa</strong></span> <span class='ocrx_word' id='word_1_350' title='bbox 1098 4256 1207 4305; x_wconf 90' lang='lat' dir='ltr'><strong>indicant</strong></span> <span class='ocrx_word' id='word_1_351' title='bbox 1226 4255 1267 4318; x_wconf 86' lang='lat' dir='ltr'><strong>(cl.</strong></span> 
     </span>
     <span class='ocr_line' id='line_1_40' title="bbox 144 4325 1269 4390; baseline -0.002 -14"><span class='ocrx_word' id='word_1_352' title='bbox 144 4327 299 4387; x_wconf 76' lang='lat' dir='ltr'><strong>Nemcssmr,</strong></span> <span class='ocrx_word' id='word_1_353' title='bbox 315 4327 381 4390; x_wconf 89' lang='lat' dir='ltr'><strong>apud</strong></span> <span class='ocrx_word' id='word_1_354' title='bbox 396 4325 551 4389; x_wconf 82' lang='lat' dir='ltr'><strong>Comuorou),</strong></span> <span class='ocrx_word' id='word_1_355' title='bbox 570 4329 655 4374; x_wconf 86' lang='lat' dir='ltr'><strong>nostra</strong></span> <span class='ocrx_word' id='word_1_356' title='bbox 670 4329 752 4376; x_wconf 89' lang='lat' dir='ltr'><strong>tamen</strong></span> <span class='ocrx_word' id='word_1_357' title='bbox 768 4331 877 4377; x_wconf 87' lang='lat' dir='ltr'><strong>remanet</strong></span> <span class='ocrx_word' id='word_1_358' title='bbox 892 4328 923 4376; x_wconf 89' lang='lat' dir='ltr'><strong>de</strong></span> <span class='ocrx_word' id='word_1_359' title='bbox 942 4328 1038 4376; x_wconf 89' lang='lat' dir='ltr'><strong>Aeneae</strong></span> <span class='ocrx_word' id='word_1_360' title='bbox 1053 4327 1167 4376; x_wconf 83' lang='lat' dir='ltr'><strong>tarditate</strong></span> <span class='ocrx_word' id='word_1_361' title='bbox 1182 4327 1269 4374; x_wconf 89' lang='lat' dir='ltr'><strong>ohser-</strong></span> 
     </span>
     <span class='ocr_line' id='line_1_41' title="bbox 144 4400 220 4447; baseline 0 0"><span class='ocrx_word' id='word_1_362' title='bbox 144 4400 220 4447; x_wconf 85' lang='lat' dir='ltr'><strong>vatio.</strong></span> 
     </span>
    </p>
   </div>
   <div class='ocr_carea' id='block_1_9' title="bbox 1134 4488 1161 4530">
    <p class='ocr_par' dir='ltr' id='par_1_13' title="bbox 1134 4488 1161 4530">
     <span class='ocr_line' id='line_1_42' title="bbox 1134 4488 1161 4530; baseline 0 0"><span class='ocrx_word' id='word_1_363' title='bbox 1134 4488 1161 4530; x_wconf 82' lang='lat'><strong>10</strong></span> 
     </span>
    </p>
   </div>
   <div class='ocr_carea' id='block_1_10' title="bbox 0 0 1426 4928">
    <p class='ocr_par' dir='ltr' id='par_1_14' title="bbox 0 0 1426 4928">
     <span class='ocr_line' id='line_1_43' title="bbox 0 0 1426 4928; baseline 0 2"><span class='ocrx_word' id='word_1_364' title='bbox 0 0 1426 4928; x_wconf 95' lang='lat' dir='ltr'><strong> </strong></span> 
     </span>
    </p>
   </div>
  </div>
 </body>
</html>
