2844 4928
576 282 674 330 aanor
699 283 848 330 naamon.
1232 261 1274 329 81

150 459 221 527 sibi
248 458 332 526 velit
357 457 454 545 infigi
480 458 677 548 opinionem
704 458 813 541 illam,
844 458 1077 528 discessurum
1101 457 1277 549 quondam

148 567 306 634 Aeneam
326 588 366 632 ac
388 592 403 627 u
425 564 638 655 rumpendos
660 594 676 626 »
698 588 773 632 esse
795 592 811 626 «
834 570 945 633 tantos
962 586 1118 649 ainores;
1142 593 1157 627 s
1179 565 1277 655 qnasi

148 673 326 740 retardata
353 673 567 740 minueretur
590 675 775 739 aerumna¹
801 678 1028 764 speratusque
1052 672 1151 740 dolor
1173 671 1278 739 hebe-

149 782 220 848 tior
237 780 336 848 fieret
350 780 373 847 ¹.

199 1019 308 1102 Quale
329 1025 444 1086 autem
464 1043 585 1088 revera
604 1044 714 1108 genus
741 1025 795 1105 sit,
818 1022 929 1112 qualis
949 1022 1082 1106 intima,
1104 1027 1142 1089 ut
1160 1023 1209 1088 ita
1228 1022 1278 1089 di-

149 1149 240 1212 cam,
269 1127 344 1214 ejus
373 1127 503 1194 doloris
526 1134 661 1207 natura,
689 1152 757 1219 quo
784 1129 1005 1220 proficiscens
1034 1151 1110 1196 eam
1141 1131 1277 1199 Aeneas

148 1234 335 1302 effecturus
364 1236 418 1317 sit,
447 1234 534 1301 illud
559 1259 697 1326 quoque
722 1239 807 1303 mire
832 1237 1007 1327 perspexit
1024 1237 1276 1304 eruditissimus

147 1343 345 1410 animorum
371 1342 601 1408 humanorum
625 1343 809 1430 indagator
827 1343 1011 1430 Vergilius.
1040 1344 1188 1435 Propter
1211 1346 1277 1412 hoc
1356 1376 1360 1386 ¹

147 1450 243 1516 enim
267 1449 334 1515 sibi
352 1450 547 1519 necessario
571 1451 804 1538 abjiciendam
832 1474 905 1518 esse
925 1452 1031 1518 vitam
1050 1451 1139 1518 Dido
1160 1454 1273 1535 sentit,

146 1558 231 1647 quia
249 1555 466 1623 solitudinem
484 1557 613 1624 horret.
645 1558 777 1649 Nempe
798 1565 832 1625 et
851 1559 1003 1648 aliquem
1031 1580 1147 1626 amare
1172 1563 1206 1626 et
1231 1560 1275 1626 ab

147 1665 266 1756 aliquo
286 1664 395 1730 amari
413 1663 540 1730 Didoni
559 1688 647 1754 opus
674 1687 749 1731 esse
766 1667 841 1752 jam
861 1666 958 1755 prius
977 1668 1185 1756 praemoniti
1207 1668 1275 1734 lui·

145 1794 244 1854 mus,
266 1793 378 1861 neque
399 1771 431 1837 ci
450 1773 578 1838 sororis
598 1772 755 1841 sufficere
775 1774 985 1842 amicitiam:
1008 1773 1274 1864 quodquidam,
1350 1806 1353 1811 ·

146 1902 191 1946 oo
211 1901 280 1970 quo
299 1879 420 1945 Annae
439 1878 590 1946 indolem
611 1880 810 1947 informavit
830 1880 952 1962 modo,
974 1881 1153 1971 praeclare
1176 1882 1276 1949 intel-

145 1987 278 2053 lectum
298 1985 397 2055 nobis
416 1986 498 2052 facit
520 1986 704 2073 Vergilius.

195 2093 408 2161 Adveniente
428 2094 535 2179 igitur
553 2095 683 2177 Aenea,
699 2096 878 2185 praecipiti
896 2095 1047 2186 quodam
1067 2096 1198 2186 impetu
1215 2097 1276 2163 ob-

147 2202 244 2267 viam
262 2199 389 2290 placito
409 2199 563 2268 advenae
584 2223 658 2268 sese
673 2202 763 2285 tulit,
787 2209 919 2270 etcum
939 2202 1090 2293 quadam
1109 2203 1274 2272 effusione

148 2308 217 2385 sui,
240 2333 256 2368 «
278 2306 365 2373 nihil
385 2307 547 2398 sibiipsa
566 2309 713 2378 miserae
740 2310 892 2399 reliquit,
910 2337 926 2372 »
949 2311 1114 2377 exstincto
1127 2310 1272 2401 pudore,

149 2414 352 2482 conculcata
368 2414 472 2496 fama,
493 2416 659 2501 neglectis
678 2417 778 2503 regni
796 2417 978 2485 officiis...
1013 2416 1056 2485 Se
1086 2439 1217 2507 suaque
1244 2420 1275 2486 ei

148 2522 268 2589 omnia
288 2521 458 2603 ducenda,
480 2523 696 2611 imperanda,
714 2523 876 2590 habenda
898 2524 1042 2591 dedidit.
1074 2524 1172 2592 Nunc
1192 2548 1275 2592 vero

148 2651 230 2696 cum
249 2629 316 2695 ista
335 2629 451 2695 omnia
468 2629 527 2696 ille
548 2629 622 2716 jam
651 2629 781 2696 habere
813 2631 911 2713 nolit,
934 2632 1049 2720 priore
1079 2631 1160 2698 olim
1187 2632 1277 2700 Dido

148 2757 268 2802 amore
289 2734 436 2825 decepta
455 2736 564 2803 altero
584 2737 708 2803 iterum
730 2737 913 2828 decipitur,
933 2736 1074 2827 solaque
1098 2761 1218 2805 rursus
1242 2741 1278 2806 in

147 2863 188 2908 se
208 2843 319 2931 ipsam
334 2842 502 2933 postridie
530 2843 673 2911 recidet.
704 2843 805 2926 Quod
825 2851 942 2912 autem
968 2845 1055 2912 adeo
1077 2846 1279 2913 reformidat

147 2949 277 3016 mulier
295 2947 479 3031 imbellis³‚
503 2955 541 3016 ut
559 2972 602 3016 ne
618 2973 686 3017 uno
706 2951 847 3041 quidem
861 2958 1036 3019 momento
1057 2953 1172 3020 veniat
1192 2954 1223 3020 ei
1242 2954 1278 3020 in

148 3218 339 3268 existimandum
355 3219 395 3269 sit.
412 3217 448 3267 lta
462 3218 524 3265 enim
541 3217 643 3266 Scaurus
659 3233 665 3267 ε
683 3239 694 3262 «
712 3217 816 3266 inune:
836 3220 888 3267 sine
903 3219 985 3268 officio
1000 3219 1134 3279 coeeundi,
1152 3238 1163 3264 »
1181 3220 1220 3268 vel
1235 3235 1280 3271 va·

148 3289 284 3340 fecundius
309 3289 472 3338 Wuuncanicu
493 3303 499 3336 :
526 3308 537 3333 «
564 3290 680 3352 (tempas)
701 3304 750 3352 quo
772 3291 864 3338 nullum
888 3291 978 3340 amoris
1000 3292 1171 3340 commercium
1193 3293 1278 3355 regina

149 3364 257 3423 expetet.
275 3378 287 3403 a
305 3359 409 3408 Tametsi
426 3361 471 3408 iste
491 3374 579 3408 sensus
599 3361 793 3423 supplementum
813 3361 935 3425 quoddam
955 3362 1107 3424 probationis
1127 3362 1183 3411 huic
1203 3362 1276 3425 hujus

149 3431 334 3483 dissertationis
354 3432 417 3494 parti
433 3431 558 3481 adlaturus
573 3433 617 3489 sit,
633 3436 713 3480 tamen
729 3433 847 3495 potiorem
867 3447 957 3496 sequor
972 3435 1084 3496 anonymi
1105 3439 1276 3483 commentato-

149 3505 187 3555 ris
202 3503 266 3566 apud
282 3502 388 3552 Sanmou
406 3503 601 3565 explanationem
619 3519 624 3552 :
641 3523 652 3548 «
667 3508 763 3566 tempus
777 3519 825 3567 quo
840 3519 931 3553 vacuus
952 3509 976 3554 et
990 3506 1084 3554 otiosus
1100 3524 1112 3549 u
1127 3506 1224 3555 Aeneas
1239 3507 1277 3554 lu-

148 3580 223 3625 turus
237 3577 282 3625 est.
300 3573 343 3622 Vel
363 3575 434 3623 etiam
449 3575 519 3623 istam
541 3590 546 3623 :
569 3594 581 3620 u
599 3580 693 3638 tempus
713 3576 826 3638 inane‚..,
843 3578 913 3641 quasi
933 3592 982 3625 non
996 3591 1110 3639 magnam
1131 3591 1191 3626 rem.
1211 3597 1222 3622 a
1239 3578 1275 3629 Cl.

150 3646 303 3707 Coniuarou,
322 3645 571 3706 Lausum-Souania,
592 3646 702 3708 Karana,
724 3647 843 3696 Fausiana
866 3662 871 3696 :
898 3667 910 3693 u
930 3649 1036 3711 Tempus
1055 3649 1133 3698 inane
1155 3652 1206 3708 est,
1228 3664 1277 3713 quo

149 3718 212 3767 nihil
232 3718 321 3780 agitor.
339 3735 351 3761 a
996 3748 999 3753 -

185 3789 207 3838 1.
227 3789 269 3840 Sic
283 3788 363 3850 Ovio,
379 3789 449 3850 Her„
465 3788 517 3849 Vll,
536 3789 601 3840 179:

573 3933 631 3977 Dum
644 3939 743 3990 tempora
757 3940 779 3978 at
792 3948 835 3979 usu

499 3997 586 4040 fortiter
597 3997 672 4041 edisco
685 3998 758 4042 tristia
774 4011 839 4054 posse
850 3999 906 4054 pati.

184 4131 207 4181 2.
226 4130 347 4189 Quantam
358 4131 438 4180 adhuc
453 4132 524 4180 etiam
535 4132 598 4180 Dido
608 4133 713 4181 Aeneam
730 4133 826 4195 diligat,
838 4132 959 4196 Vergilius
971 4149 1011 4184 vv.
1022 4132 1069 4183 309
1083 4148 1147 4197 sqq„
1164 4133 1209 4183 429
1221 4148 1274 4197 sqq.

151 4203 283 4264 signifieat.
299 4203 342 4250 Bis
357 4203 485 4264 repetitum
504 4203 570 4251 istud
586 4202 736 4252 demonstrat
758 4219 805 4252 non
821 4205 902 4252 lictum
917 4219 973 4253 esse
986 4205 1096 4254 timorem
1115 4219 1186 4268 quem
1202 4218 1277 4267 super

151 4273 244 4330 Aenea,
262 4271 304 4320 illa
318 4273 374 4320 anni
390 4276 531 4334 tempestate
542 4275 688 4335 profecturo,
704 4276 833 4336 concipere
847 4289 874 4322 se
887 4275 950 4323 Dido
966 4276 1085 4329 ailtirmat.

184 4342 208 4392 3,
226 4342 255 4391 Cl
270 4343 311 4405 IV,
327 4342 371 4392 451
389 4358 395 4391 2
412 4342 501 4392 toedet
515 4345 576 4393 coeli
592 4359 701 4394 convexa
716 4347 778 4394 tueri
793 4373 824 4382 —
838 4349 863 4394 et
877 4345 923 4394 450
943 4362 949 4395 :
968 4347 1036 4410 fotis
1056 4347 1185 4395 exterrita
1199 4346 1273 4398 Dido.

152 4413 243 4463 —Bis
257 4429 284 4464 se
299 4415 330 4465 ab
345 4420 425 4465 amato
439 4415 493 4465 viro
507 4416 647 4466 derelictam
660 4417 741 4476 videt,
755 4422 779 4466 ct
793 4418 923 4468 instantem
938 4419 1050 4479 eandem,
1062 4432 1134 4482 quam
1145 4418 1196 4482 jam
1204 4418 1274 4482 prius
