2844 4928
480 619 867 767 ruoouuruu

212 863 422 920 Recentiorum
433 862 650 933 philoloqomm
665 863 814 920 accuratis
828 862 864 918 de
879 862 1009 919 Aeneide
1024 864 1133 920 studiis

147 952 269 1022 Vergilii
291 953 423 1020 laudem,
449 952 526 1023 qnod
545 952 662 1022 quidem
681 953 791 1008 attinet
815 951 852 1008 a‘d
874 952 1044 1010 inveniendi
1068 954 1198 1023 copiam,

455 1043 581 1098 multum
594 1042 780 1098 imminutam
795 1041 898 1098 inisse.

159 1484 351 1581 Aeneidem
375 1489 670 1578 septuagesimum
689 1489 761 1554 fere
781 1487 855 1575 jam
875 1487 1022 1554 annum¹
1044 1486 1140 1553 multi
1160 1510 1239 1577 per-

115 1600 308 1664 tractavere
342 1595 527 1686 philologi,
561 1617 709 1685 quorum
735 1595 877 1685 quidem
909 1617 1016 1684 opera
1038 1616 1140 1660 nemo
1169 1617 1238 1661 non

113 1704 264 1773 fateatur
288 1707 424 1769 auctam
451 1703 557 1770 fuisse
588 1703 770 1788 vergiliani
797 1703 966 1792 poematis
993 1702 1235 1787 cognitionem.

86 1811 169 1877 'An
194 1832 279 1876 vero
306 1810 410 1876 simul
439 1814 540 1888 aucta
567 1810 610 1875 sit
639 1832 679 1874 ex
705 1810 766 1875 illa
793 1808 974 1895 diligentia
1000 1809 1077 1897 ipsa
1105 1806 1242 1894 Virgilii

113 1917 240 2002 gloria,
262 1917 297 1982 in
317 1916 588 1983 controversiam
607 1917 723 1981 vocari
744 1920 870 2005 potest.
892 1914 1099 1984 Decrescere
1119 1921 1239 1981 contra

113 2022 240 2089 latinus
267 2029 387 2113 poeta,
417 2027 451 2089 et
477 2046 518 2088 ex
545 2045 585 2088 eo
615 2023 782 2113 primario
811 2021 899 2106 loce,
930 2044 1033 2112 quem
1059 2022 1236 2111 proximus

113 2129 265 2196 Homero
284 2152 394 2219 usque
420 2130 464 2196 ad
484 2131 670 2220 septimum
688 2153 723 2219 p.
748 2128 786 2196 C.
808 2153 842 2196 n.
870 2130 1046 2195 saeculum
1064 2133 1234 2211 tenuerat,

113 2236 224 2303 sinon
243 2237 360 2327 palam
380 2235 528 2319 detrudi,
552 2236 750 2302 submoveri
768 2241 885 2302 tamen
904 2237 1065 2302 continuo
1086 2235 1237 2324 quodam

111 2341 264 2434 impulsu
284 2348 317 2410 et
336 2344 435 2433 quasi
455 2344 609 2434 repetitis
627 2344 751 2410 ictibus
770 2343 856 2410 mihi
876 2343 1024 2411 videtur.

157 2450 243 2517 Cum
264 2451 356 2517 enim
379 2451 444 2517 sub
464 2451 597 2540 antiqui
622 2451 699 2516 aevi
723 2450 827 2516 finem
847 2451 1051 2518 Ambrosius
1075 2448 1236 2516 Theodo-

112 2557 183 2624 sius
222 2557 419 2627 Macrobius
457 2558 670 2624 reecnseret²
706 2579 810 2648 quam
849 2558 1016 2624 constanti
1054 2557 1235 2624 sedulitate

111 2663 206 2731 Maro
233 2687 288 2732 res
317 2669 469 2731 vetustas
489 2669 726 2754 perscrutatus
745 2665 878 2746 fuisset,
901 2686 1005 2754 apuam
1031 2686 1178 2751 gnarum
1199 2685 1234 2730 se

111 2771 218 2837 divini
240 2773 453 2861 humanique
468 2771 557 2858 juris
584 2773 789 2861 priscaeque
810 2772 1005 2858 religionis,
1027 2778 1061 2838 et
1080 2773 1235 2838 omnium

111 2877 373 2968 disciplinarum
393 2879 543 2968 peritum
563 2879 802 2967 praestitisset,
836 2900 941 2968 quam
970 2878 1092 2944 doctus
1112 2878 1234 2944 fuisset

112 2990 145 3050 et
176 2985 297 3051 soliers
325 2986 361 3050 in
390 3012 406 3046 (ι
437 2982 588 3050 libandis
622 3012 637 3046 s
669 2990 825 3050 veterum
856 2989 1038 3074 poetarum
1070 2984 1230 3066 floribuS,

109 3090 189 3157 inde
215 3091 457 3158 devotissimus
487 3090 546 3156 ille
576 3089 731 3177 Vergilio
753 3091 999 3176 grammaticus
1028 3096 1233 3176 argumenta

108 3196 250 3263 demum
279 3197 422 3263 eruebat
446 3219 536 3263 nova
571 3220 639 3287 quo
667 3197 800 3284 majore
836 3197 1064 3263 admiratione
1093 3201 1231 3288 poetam

109 3326 209 3371 suum
230 3305 513 3395 amplecteretur.
541 3303 718 3395 Optimum
743 3306 847 3386 enim,
879 3311 916 3370 ut
935 3306 1069 3395 opinor,
1092 3309 1230 3394 poetam

108 3432 183 3478 esse
199 3411 381 3499 judicabat
400 3433 491 3494 eum,
515 3413 574 3500 qui
603 3434 638 3478 se
668 3413 887 3502 stupentibus
910 3412 1099 3478 lectoribus
1126 3433 1230 3501 quam

138 3677 149 3726 1
156 3715 161 3726 .
182 3677 251 3726 Circa
261 3691 349 3725 annum
362 3676 422 3726 1820
433 3676 587 3725 scholasticis
601 3682 625 3726 et
636 3677 828 3740 compendiariis
839 3678 987 3727 editionibus
999 3678 1089 3740 ubique
1101 3679 1230 3740 vulgantur

106 3753 219 3799 recentes
235 3753 285 3796 ium
301 3747 360 3799 Can.
379 3748 464 3798 Gornu.
482 3749 566 3796 Hermi
581 3763 662 3807 curae,
678 3749 773 3811 aliaque
797 3750 872 3797 multa
894 3749 1067 3798 commentaria
1081 3764 1144 3798 nova
1160 3751 1229 3797 simul

105 3821 236 3882 prodeunt.
249 3819 283 3869 Ci.
298 3820 441 3868 Euenuuaru
457 3828 480 3868 et
496 3820 595 3879 Praese,
608 3817 768 3869 Bibliotheca
778 3822 937 3884 scriptoram
947 3819 1126 3879 classicorum,
1142 3822 1231 3870 zrceitc

104 3889 276 3954 Abtheilaagy,
292 3907 317 3953 p.
333 3890 380 3940 605
394 3905 460 3954 saep,
475 3891 515 3939 ubi
532 3891 586 3953 plus
599 3896 692 3940 eentum
705 3895 728 3938 et
741 3892 904 3955 quadraginta
919 3892 970 3940 sive
982 3892 1152 3941 universorum
1169 3892 1229 3940 Ver-

105 3962 158 4025 gilii
173 3976 283 4024 operum,
299 3977 342 4010 seu
357 3962 473 4010 Aeneidis
488 3962 578 4019 solius,
596 3963 627 4010 ab
642 3976 705 4010 auno
721 3961 781 4010 1808
796 3963 827 4011 ad
844 3977 933 4011 annum
949 3962 1010 4011 1880
1026 3964 1147 4012 editiones
1168 3977 1230 4012 enu-

103 4038 237 4084 merantur.

134 4104 158 4155 2.
179 4105 360 4155 conviviorum
382 4105 463 4169 primi
484 4104 538 4154 diei
559 4103 771 4154 saturnaliorum
788 4104 850 4155 libri
870 4109 980 4170 septem,
1005 4106 1046 4155 ed.
1064 4107 1102 4155 Fr.
1120 4106 1229 4170 Eyssen-

103 4176 184 4237 hardt,
200 4175 274 4237 18683
288 4177 320 4226 el.
337 4176 459 4241 imprimis
473 4177 491 4229 l.
509 4177 526 4236 l,
544 4192 599 4240 cap.
615 4190 726 4238 111-xxvr;
737 4177 755 4228 l.
772 4177 812 4238 111,
824 4193 878 4241 esp.
894 4192 962 4240 ιιι-ις
974 4179 991 4227 l.
1008 4178 1037 4237 V,
1049 4193 1103 4242 cap.
1119 4191 1226 4237 11-xvur;

102 4247 121 4296 l.
139 4246 181 4310 Vl,
197 4262 251 4311 cap.
268 4263 284 4296 1.
