2844 4928
149 327 211 391 112
563 348 640 392 rans
663 347 846 394 rosremon.

146 523 325 611 promissis
351 545 420 588 uno
439 529 572 588 tautum
592 522 697 588 verbo
722 521 868 602 invidet,
893 541 1044 608 quarum
1064 526 1188 586 tamen
1205 543 1267 587 nou

145 630 319 719 particeps
342 630 458 696 futura
491 636 553 698 est.
584 629 692 696 lmmo
717 631 794 719 ipsa
820 627 976 709 Aeneae,
1006 648 1079 693 non
1099 629 1178 713 jam
1198 651 1267 706 suo,

146 735 319 826 quomodo
337 736 399 802 illa
415 738 449 802 in
474 741 651 826 posterum
676 736 791 801 futura
819 736 900 800 sint'
917 734 1055 824 placide
1090 735 1270 802 denuntiat

145 844 360 933 alteramque
375 845 407 910 ei
422 865 564 910 uxorem
578 843 744 910 destinari
756 851 778 908 ¹.
795 841 910 908 Unum
928 843 1179 910 tantummodo
1197 865 1270 934 pos·

144 949 231 1016 tulat
252 971 260 1018 :
283 957 321 1016 ut

393 1047 458 1100 nati
475 1051 646 1109 <servet>
658 1047 826 1100 communis
840 1059 984 1111 amorem;

144 1220 228 1300 nati,
250 1242 317 1285 non
338 1220 463 1285 uxoris.
482 1217 556 1286 Sibi
571 1218 657 1286 nihil
677 1241 741 1284 neo
760 1223 887 1308 sperat,
908 1239 974 1286 nec
989 1218 1115 1309 poscit.

190 1326 311 1393 Nonne
339 1333 455 1393 autem
484 1328 520 1392 in
549 1327 622 1392 istis
648 1326 775 1409 verbis,
807 1348 896 1416 quae
930 1326 1095 1392 maritum
1122 1326 1271 1415 jamjam

145 1433 307 1499 relictura
326 1432 453 1500 Creusa
478 1433 611 1514 effatur,
630 1435 727 1522 quasi
748 1432 881 1498 absolvi
901 1432 1060 1499 videmus
1079 1433 1270 1520 imaginem

147 1540 299 1608 mulieris
318 1541 405 1627 ejus,
428 1541 566 1630 qualem
585 1541 660 1630 ipse
680 1539 854 1625 Vergilius
872 1541 987 1606 animo
1006 1540 1157 1606 intuitus
1177 1541 1273 1606 est²i

147 1646 258 1727 Quam
278 1647 440 1713 nimirum
461 1646 526 1712 sibi
546 1646 653 1727 finxit,
676 1653 714 1712 ut
733 1647 871 1736 opinor,
894 1651 928 1712 et
951 1646 1138 1712 ostendere
1163 1647 1269 1712 voluit

147 1775 188 1820 ea
206 1776 282 1820 esse
301 1754 500 1820 condicione
525 1776 594 1842 qua
621 1753 727 1818 fuisse
757 1753 940 1818 traduntur
962 1754 998 1818 in
1027 1753 1146 1843 prisco
1172 1775 1265 1835 aevo,

147 1884 208 1932 seu
227 1862 262 1927 in
283 1859 433 1942 Oriente,
457 1861 528 1926 sive
547 1862 584 1926 in
603 1861 758 1942 Graecia,
776 1861 848 1927 sive
866 1870 901 1925 in
920 1864 1043 1926 vetere.
1056 1859 1172 1941 Latio,
1194 1883 1267 1926 mu-

147 1969 249 2034 lieres
265 1988 272 2035 :
289 1968 417 2034 scilieet
436 1990 502 2034 non
524 1968 656 2057 accepti
675 1968 788 2033 mariti
808 1969 929 2050 socias,
947 1967 1014 2032 sed
1032 1968 1164 2034 accitas
1182 1968 1267 2034 libe-

149 2098 266 2142 rorum
296 2075 590 2165 procreandorum
608 2076 816 2161 genetriceS,
845 2083 985 2167 δαμάρτας
1014 2084 1143 2153 δοθείσας
1172 2087 1267 2145 παιδο-

148 2183 275 2263 ποιούςῧ,
298 2188 336 2248 ut
363 2182 546 2272 Euripides
575 2183 640 2263 ait3
673 2221 717 2230 —
744 2204 857 2271 neque
882 2204 961 2248 oum
985 2181 1127 2248 domino
1149 2205 1212 2249 suo
1232 2205 1267 2248 er

149 2439 234 2489 rindae
249 2443 366 2499 mortuae,
390 2440 550 2503 Paradisique
565 2441 681 2492 felicitate
700 2442 750 2503 jam
768 2441 886 2502 fruentis,
904 2441 935 2489 ad
949 2440 1112 2489 Tancredum.
1135 2441 1189 2490 iilic
1213 2454 1267 2489 vero

149 2525 180 2558 ne
200 2512 316 2560 miremur
339 2511 469 2561 Clorindae
492 2513 691 2575 tranquillitatem
710 2513 825 2574 religiosa
844 2513 925 2577 pietas
949 2512 1080 2575 probibct;
1104 2512 1198 2562 desunt
1217 2525 1270 2561 vero

151 2582 255 2631 Creusae
270 2583 388 2644 ejusmodi
403 2584 524 2643 adlectus,
537 2598 599 2647 quae
614 2585 712 2647 quidem
727 2585 788 2632 illud
804 2588 897 2633 tentum
913 2585 973 2632 dicit
989 2598 995 2633 ε

480 2709 651 2752 Divaeveneris
666 2721 771 2752 nurus...

431 2773 465 2814 itio
476 2784 555 2827 magna
566 2773 636 2816 iteum
650 2773 752 2828 genetrix
764 2771 800 2815 his
814 2772 898 2816 detinet
907 2772 963 2816 oris.

183 2886 205 2936 1.
224 2887 286 2936 Aen.
302 2887 332 2947 11,
348 2887 451 2937 isarei
467 2903 473 2936 ε

443 3013 492 3055 11110
504 3025 540 3055 res
550 3014 634 3064 laetae,
646 3024 783 3068 regnumque
795 3019 816 3055 et
828 3012 887 3068 regia
899 3013 996 3067 coniunx

445 3076 512 3118 Parta
525 3075 578 3128 ribi;
595 3075 697 3118 lacrimas
708 3075 801 3118 dilectae
814 3075 870 3130 pelle
883 3076 989 3118 Creusae.

183 3191 218 3238 De
241 3190 331 3253 quibus
355 3191 447 3239 ultimis
469 3193 566 3249 verbis,
590 3193 692 3241 Servios
717 3206 723 3240 :
748 3211 760 3235 a
785 3191 874 3240 Melius
888 3191 918 3240 ad
934 3191 1072 3254 posteriora
1090 3192 1234 3253 referimus,
1251 3197 1274 3242 ut

153 3262 221 3311 dicat
235 3278 241 3310 :
256 3262 304 3308 noli
321 3262 385 3320 llere,
403 3277 447 3310 nec
460 3264 523 3310 enim
539 3265 635 3323 captiva
649 3279 711 3314 sum.
728 3263 791 3312 Male
803 3263 866 3311 euim
881 3263 991 3325 plerique
1006 3262 1093 3312 dieunt
1108 3277 1114 3311 ε
1131 3266 1192 3326 quia
1202 3265 1275 3313 babes

155 3347 255 3380 uxorem
272 3336 388 3395 paratam.
404 3333 506 3395 »Neque
521 3349 549 3381 ex
566 3334 611 3383 boc
626 3335 678 3383 solo
697 3334 869 3382 commentario
882 3333 1001 3396 suspicari
1015 3348 1147 3398 possumus
1159 3336 1200 3383 vel
1213 3335 1275 3398 apud

155 3405 268 3466 antiquos
286 3404 349 3466 jocis
369 3403 434 3452 hunc
454 3404 531 3452 locum
555 3407 678 3454 materiam
693 3407 792 3454 uberem
809 3405 960 3468 praebuisse.
983 3405 1045 3453 Fieri
1060 3408 1143 3454 tamen
1158 3411 1241 3470 potest
1254 3410 1276 3454 ut

155 3475 278 3538 Vergilius
293 3475 375 3523 verbis
396 3476 451 3523 istis
472 3491 477 3523 ι
501 3497 512 3519 a
536 3476 611 3539 Regia
627 3478 734 3541 conjunx
754 3480 836 3540 porto
852 3476 927 3526 tibi...
948 3477 1061 3524 lacrimas
1075 3476 1193 3527 dilectae
1214 3478 1276 3541 pelle

157 3545 272 3604 Creusae,
283 3564 331 3589 »-
346 3547 418 3594 nobis
433 3560 486 3594 eum
510 3547 593 3595 subtili
617 3549 720 3610 quadam
742 3548 885 3610 obliquitate
905 3547 1046 3609 significare
1070 3549 1179 3597 voluerit
1196 3550 1276 3613 qualia

157 3617 202 3665 sibi
219 3618 273 3678 ipsa
285 3617 375 3666 solacia
391 3617 482 3666 Creusa
496 3618 625 3680 ministret,
642 3619 762 3682 siquidem
777 3618 834 3667 huic
848 3619 992 3667 recentioris
1003 3617 1121 3682 philologi
1131 3621 1277 3670 sententiam

157 3688 330 3751 amplectamur
345 3703 351 3737 ι
366 3689 509 3750 «Dilectae,
524 3693 570 3738 not
584 3690 681 3754 merely
691 3689 772 3749 loved,
787 3690 833 3738 but
849 3689 922 3739 looed
937 3689 969 3753 by
979 3688 1065 3739 choice
1075 3704 1105 3738 or
1118 3694 1276 3755 preference.

157 3761 197 3808 An
210 3762 286 3808 eruet
300 3759 449 3824 knowledqe
464 3761 495 3824 of
507 3761 550 3810 tlte
564 3763 685 3825 meoninq
703 3764 734 3825 of
746 3761 799 3810 titis
813 3761 885 3810 word
903 3759 1008 3810 enables
1023 3775 1055 3810 ua
1072 3764 1098 3811 to
1113 3761 1220 3812 01000000
1237 3762 1278 3812 tte

157 3831 321 3879 consolation
333 3831 417 3880 wlricb
436 3832 533 3882 Creusa
548 3833 679 3881 ministare
694 3836 720 3881 10
738 3831 877 3896 herneisio
892 3830 935 3881 tae
955 3832 1069 3881 delicate
1090 3834 1281 3898 oppositiones

159 3902 263 3950 dilectae
278 3901 384 3951 Creusae
400 3906 425 3951 to
442 3905 511 3966 regia
528 3905 615 3965 conjux
633 3909 712 3966 parta.
730 3924 741 3949 »
756 3905 777 3953 J.
796 3905 887 3962 Huunr,
903 3903 1031 3962 Aeneida,
1046 3908 1064 3954 t.
1081 3904 1111 3965 ll,
1128 3920 1152 3967 p.
1170 3905 1226 3954 347.

189 3973 212 4022 2.
231 3973 333 4021 Brnorsr
350 3974 373 4020 in
388 3975 495 4026 Aeneid.
516 3975 535 4035 l,
550 3975 594 4024 771
622 3990 627 4022 :
655 3996 666 4020 ι(
684 3976 755 4025 Cette
776 3975 927 4040 apparitione
950 3975 982 4023 de
1004 3975 1099 4025 Creuse
1118 3979 1134 4026 ὰ
1156 3969 1279 4028 deaceae!

159 4046 301 4092 riecesscire
313 4059 383 4106 pour
397 4045 532 4110 expliquer
544 4045 605 4109 plus
621 4048 684 4095 iord
695 4062 741 4095 son
757 4049 838 4096 anion
854 4062 915 4095 ooec
929 4047 1043 4098 Looioie.
1053 4065 1064 4090 u
1075 4047 1108 4096 At
1122 4050 1280 4111 0010111010-

160 4129 212 4162 rum
227 4116 250 4163 ei
265 4116 403 4176 conjugium
419 4118 470 4165 sive
485 4132 528 4180 per
543 4118 659 4166 Helenum
673 4119 723 4181 (qui
740 4119 838 4182 quidem
856 4119 926 4180 plura
950 4133 1003 4166 eum
1026 4133 1125 4167 monere
1139 4120 1278 4182 potuisset),

160 4189 212 4234 sive
228 4201 270 4247 per
283 4186 400 4250 Sibyllam
416 4189 589 4250 praenuntiari.
602 4189 660 4237 Ideo
671 4205 756 4238 rursus
769 4190 861 4238 Creusa
876 4191 978 4252 loquens
992 4190 1116 4239 inducitur
1126 4192 1185 4254 quia
1196 4205 1279 4254 nempe

160 4258 283 4319 Vergilius
306 4257 420 4306 deserere
442 4274 489 4307 non
512 4260 563 4307 vult
587 4275 704 4322 personas
727 4276 798 4321 suaa,
820 4263 887 4324 prius
908 4275 979 4323 quam
995 4266 1043 4310 tam
1058 4261 1121 4310 bene
1136 4275 1212 4325 quam
1229 4263 1280 4312 lieri

161 4333 241 4390 potest
255 4329 383 4391 imaginem
398 4329 494 4377 illerum
509 4331 651 4380 absolverit.

191 4396 326 4460 3..Eunrr.,
342 4398 478 4459 Androm,
493 4399 515 4452 4.
