2844 4928
583 324 681 372 carur
707 327 856 373 manum
1042 288 1044 293 λ
1242 308 1286 375 77

162 501 231 570 sibi
253 501 321 591 ipsi
340 503 487 566 mortem
506 501 739 568 conscivisse?
761 500 862 584 Quod
882 500 1023 591 quidem
1042 501 1234 589 Vergilius,
1257 504 1287 570 si

158 609 335 691 libuisset,
358 630 399 673 eo
417 607 553 674 facilius
572 609 744 699 potuisset
762 602 857 699 qued
875 609 936 675 illa
960 609 1049 699 ipsa,
1071 632 1160 699 quae
1181 634 1287 701 supra

160 716 430 784 memoravimus
450 715 493 782 de
512 715 644 783 Elissae
663 716 780 782 indole
795 717 840 782 ab
855 716 1029 783 historicis
1044 719 1168 808 priscis
1181 719 1286 785 luisse

158 824 314 910 vulgata,
341 822 527 893 suaderent
554 829 593 889 ut
619 823 729 910 tyriae
756 824 897 910 reginae
924 829 1061 911 agreste
1090 825 1224 915 aliquid
1254 831 1287 892 et

159 930 380 998 intractabile
399 929 608 996 infunderet.

205 1038 390 1105 Enimvero
411 1037 524 1126 quarti
536 1037 618 1103 libri
636 1036 741 1104 finem
760 1039 796 1104 in
816 1038 908 1103 bunc
926 1037 1034 1105 ferme
1056 1038 1197 1106 modum
1217 1040 1286 1105 dis-

159 1144 314 1236 ponendi
332 1144 427 1211 haud
446 1144 516 1210 scio
536 1166 580 1210 an
603 1166 700 1210 mens
719 1144 891 1234 quaedam
910 1144 1103 1230 Vergilium
1127 1146 1283 1214 subierit.

160 1253 250 1319 Nam
282 1250 421 1341 quando
453 1252 606 1342 primum
637 1250 726 1317 Dido
757 1252 911 1319 Aeneam
947 1251 1002 1318 his
1040 1254 1155 1319 verbis
1191 1275 1285 1321 com-

160 1359 269 1450 pellat
287 1381 296 1430 z

361 1525 555 1578 Dissimulare
569 1525 660 1578 ctiam
675 1525 811 1590 sperasti,
826 1527 946 1592 perssde,
963 1532 1081 1582 tantum

361 1610 448 1663 posse
462 1597 556 1661 nefas,

157 1832 337 1901 exordium
368 1832 524 1923 profecto
552 1830 799 1902 stomachantis
823 1832 912 1899 illud·
934 1839 997 1915 est,
1020 1841 1054 1903 et
1079 1836 1124 1901 ad
1149 1837 1283 1924 majora

156 1964 236 2009 mox
256 1961 331 2010 sese
350 1941 559 2007 invecturae.
583 1939 715 2006 Exinde
734 1961 816 2006 vero
838 1963 978 2007 cursum
1001 1941 1172 2031 Vergilius
1199 1967 1282 2035 pro-

154 2049 249 2115 tinus
269 2050 391 2130 mutat,
415 2051 448 2114 et
467 2047 568 2136 quasi
586 2067 665 2112 cum
695 2046 810 2135 ipsum
839 2047 997 2137 proditae
1021 2048 1164 2116 Didonis
1194 2073 1281 2140 quo-

155 2153 343 2223 dammodo
363 2153 522 2244 puderet,
540 2153 585 2220 ad
603 2175 645 2220 ea
661 2153 774 2244 potius
791 2175 827 2220 se
842 2154 948 2221 refert
962 2178 1051 2245 quae
1067 2157 1112 2222 ad
1126 2162 1281 2225 nostram

153 2263 294 2348 reginae
324 2259 574 2328 conciliandam
599 2260 875 2327 benevolentiam
897 2261 1023 2329 idonea
1047 2264 1125 2331 sint.
1151 2265 1280 2332 Exorsa

152 2370 261 2458 igitur
278 2368 386 2435 feroci
405 2373 439 2435 et
467 2368 612 2434 altisono
637 2390 696 2434 ore
720 2367 822 2452 Dido,
845 2368 889 2435 ad
915 2367 1139 2438 submissiora
1165 2371 1279 2438 subito

154 2476 335 2544 descendit
357 2498 364 2545 :

569 2644 688 2710 perfide,
705 2649 823 2697 tantum

278 2738 366 2790 posse
380 2726 473 2789 nesea,
490 2726 638 2791 tacitosque
651 2739 711 2776 caea
725 2725 847 2776 decedere
858 2733 940 2779 terra.

150 2970 228 3037 Non
254 2969 327 3056 jam
353 2970 471 3058 igitur,
494 2968 748 3036 animadvertas
777 2991 922 3060 quaeso,
950 2970 1132 3036 consilium
1160 2971 1274 3060 ipsum

152 3105 169 3139 «
196 3077 421 3144 decedendi»
441 3117 484 3128 -
507 3076 623 3165 (idque
643 3077 867 3142 lenocinantis
887 3077 1062 3162 εὐφημισμὸς
1078 3078 1141 3166 est)
1155 3115 1199 3127 —-
1215 3079 1275 3145 ob-

145 3185 285 3272 jurgat3
317 3185 490 3251 silentium
521 3183 760 3250 tantummodo
789 3185 977 3274 profecturi
1006 3185 1272 3275 vituperandum

149 3297 279 3360 censet.
295 3293 338 3359 Et
353 3294 427 3379 jam
446 3293 526 3359 inde
547 3291 672 3358 abhoc
690 3292 766 3358 loco
782 3292 952 3359 Didonem
968 3292 1142 3380 Vergilius
1164 3295 1273 3360 oculis

147 3386 276 3468 nos’tris
297 3401 438 3487 subjicit
456 3400 566 3486 magis
591 3423 630 3466 ac
650 3400 760 3485 magis
778 3400 914 3488 (gracco
933 3401 990 3467 hic
1013 3423 1152 3490 quoque
1172 3403 1271 3467 venia

147 3509 208 3591 sit,
233 3512 351 3598 utpote
371 3508 521 3589 meliori,
543 3508 677 3599 opinor,
704 3506 821 3598 verbo)
847 3519 1087 3598 ταπεινουμένην;
1109 3509 1270 3599 illiusque

110 3668 113 3674 Δ
145 3614 369 3697 humilitatis,
391 3616 603 3705 prolabentis
622 3638 732 3705 usque
752 3615 796 3682 ad
817 3620 979 3699 extrema,
994 3615 1138 3703 singulis
1157 3617 1272 3703 gradi-

144 3722 213 3789 hus
247 3722 459 3812 explicandis
492 3723 719 3790 libentissime
753 3728 864 3789 vacat.
903 3723 1039 3813 Quippe
1073 3723 1167 3812 quod
1202 3747 1270 3792 non

145 3831 260 3898 solum
294 3830 330 3895 in
363 3830 428 3896 hac
462 3832 576 3920 priore
611 3830 754 3898 Didonis
782 3830 827 3897 ad
863 3832 1018 3898 Aeneam
1055 3831 1270 3900 oratiuncula

145 3938 304 4024 attingat,
319 3937 429 4004 sedin
446 3937 582 4005 duobus
594 3939 738 4029 insuper
755 3939 852 4020 lociS,
868 3937 929 4004 ubi
942 3938 1029 4004 tales
1045 3939 1090 4005 ad
1107 3938 1269 4008 lacrimas

143 4066 337 4136 precesque
358 4068 560 4112 conversam
579 4045 750 4113 Didonem
770 4045 930 4112 ostendit.

190 4150 291 4218 Initio
320 4157 452 4234 autem,
475 4175 553 4244 cum
573 4153 682 4219 nescit
701 4154 880 4219 etiamtum
899 4153 1020 4239 regina
1039 4176 1122 4220 num
1147 4154 1269 4221 immo-

142 4264 219 4325 tum
240 4258 423 4348 'fixumque
453 4261 568 4327 animo
592 4262 729 4326 Aeneae
754 4261 797 4327 sit
817 4260 924 4343 abire,
946 4261 1019 4346 ejus
1041 4262 1268 4330 constantiam

145 4366 304 4434 sollerter
335 4389 501 4456 aggressa
533 4371 657 4450 tentat,
693 4369 722 4434 si
749 4390 855 4459 quam
884 4369 1169 4458 praeteritorum,
1212 4371 1267 4437 vel
