2844 4928
163 322 226 387 116
579 342 655 388 rans
679 341 860 388 rossenion.

160 536 272 605 neque
300 517 477 605 inepte...
513 514 599 583 Cum
619 518 710 581 enim
730 515 880 582 afflatam
905 537 941 582 se
961 538 982 583 a
999 514 1190 582 formidato
1213 515 1278 583 Deo

160 623 356 706 mentiatur,
376 624 424 688 ita
444 628 478 690 et
501 624 623 690 melius
653 623 719 690 sibi
744 624 962 689 conciliatum
986 623 1028 689 iri
1048 622 1209 712 plebem,
1231 624 1280 691 cui

159 729 311 796 violenta
346 731 507 820 placeant
543 731 657 817 orgia,
678 735 680 740 ’
698 735 825 820 sperat,
866 751 971 820 seque
1010 731 1143 818 ipsam,
1185 731 1279 818 quasi

160 857 306 920 sacram,
328 837 425 904 nullo
443 839 663 928 prohibente,
683 839 799 905 ablata
817 859 887 927 quo
905 837 989 903 velit
1008 837 1091 921 tilia,
1111 837 1280 904 abituram

161 965 235 1010 esse
256 944 408 1012 confidit.

204 1049 260 1117 Fit
276 1051 416 1118 tandem
436 1057 473 1118 ut
492 1075 614 1120 revera
638 1053 794 1142 desipere
818 1053 961 1142 incipiat
984 1051 1130 1133 Amata;
1152 1051 1279 1141 quippe

160 1179 249 1248 quae
274 1158 414 1226 efferata
439 1161 481 1226 sit
510 1161 698 1227 ululatibus
721 1161 908 1226 concitatae
936 1157 1167 1225 multitudinis
1199 1159 1281 1225 suis

158 1258 239 1356 que,
260 1271 362 1355 atque
383 1267 490 1333 effuso
509 1268 569 1333 illo
588 1290 651 1357 per
671 1268 774 1334 silvas
794 1289 1004 1357 camposque
1020 1287 1137 1333 cursu.
1152 1265 1280 1332 Minore

159 1372 301 1462 quidem
327 1375 486 1465 impensa
508 1375 633 1440 mulier
657 1375 798 1463 quaevis
824 1378 974 1439 mentem
1000 1373 1173 1438 amissura
1197 1377 1278 1439 erat.

158 1478 202 1545 Et
220 1479 277 1546 hic
291 1504 428 1571 quoque
449 1481 588 1548 minime
608 1480 781 1548 Alectonis
798 1483 993 1547 interventu
1011 1500 1098 1569 opus
1117 1479 1196 1546 fuit.

203 1586 402 1654 Istiusmodi
425 1610 510 1654 vero
529 1589 714 1679 procellae,
737 1588 965 1678 quantoplus
994 1587 1126 1653 habent
1144 1587 1278 1669 virium,

158 1696 253 1759 tanto
268 1696 381 1760 minus
396 1697 561 1784 temporis
575 1718 582 1777 3
604 1718 668 1762 nec
688 1696 816 1762 diutius
836 1694 936 1761 solito
952 1695 1130 1761 duravisse
1150 1720 1166 1755 α
1182 1692 1281 1784 phre-

106 1789 109 1794 “
158 1800 309 1866 neticum
328 1829 344 1863 »
364 1803 532 1892 impetum
552 1802 695 1869 Amatae
717 1826 735 1869 e
754 1802 909 1889 Vergilio
929 1803 1005 1892 ipso
1032 1800 1276 1890 comperimus.

157 1907 213 1974 Ab
232 1908 285 1974 ira
304 1910 395 1976 enim
414 1910 450 1976 in
472 1909 631 1976 lacrimas
649 1912 753 2000 inque
773 1932 893 2001 preces
911 1908 1106 1989 conversa¹,
1124 1906 1171 1974 ad
1186 1907 1281 1973 seda·

157 2015 281 2080 tiorem
300 2015 457 2082 habitum
477 2016 658 2106 redigitur.
680 2016 732 2083 lta
755 2023 871 2083 autem
893 2020 956 2083 no‘s
976 2015 1074 2105 quasi
1093 2017 1280 2104 praeparat

145 2121 478 2211 providentissimus
498 2124 602 2190 futuri
623 2129 738 2215 poeta,
760 2147 804 2191 ne
825 2146 894 2190 non
912 2127 1056 2189 naturae
1074 2121 1277 2210 veritatique

158 2234 426 2297 consentaneum
459 2231 617 2298 videatur
648 2231 792 2299 Amatae
830 2236 992 2312 mentem,
1015 2228 1060 2295 ad
1088 2232 1277 2294 extremum

157 2336 293 2425 penitus
313 2337 525 2428 depressam,
545 2340 650 2406 rebus
669 2339 897 2429 despondere.

201 2443 345 2512 Frustra
373 2447 477 2530 enim,
508 2446 753 2534 adjuvantibus
782 2446 912 2514 Latinis
946 2445 1164 2526 mulieribus,
1203 2444 1276 2510 uni-

155 2573 294 2619 versum
322 2555 491 2644 populum
521 2576 582 2623 suo
609 2555 646 2621 in
675 2554 841 2640 Trojanos
871 2553 950 2620 odio
976 2553 1102 2619 Amata
1125 2551 1273 2635 inlecit²,

154 2681 273 2746 regem
304 2661 348 2727 ad
377 2683 474 2727 arma
504 2661 669 2729 adversus
708 2667 865 2729 externos
901 2658 1069 2750 capienda
1100 2659 1276 2728 suscitavit

152 2767 330 2850 invitum³,
342 2769 491 2858 denique
507 2770 672 2859 publicas
685 2770 954 2860 supplicationes
975 2769 1108 2852 indixit,
1128 2791 1275 2858 quarum

150 2875 226 2963 ipsa
256 2877 430 2967 particeps
465 2875 663 2966 exemplum
697 2879 767 2943 suis
802 2876 932 2943 deditl.
970 2875 1132 2965 Superati
1160 2880 1275 2943 tamen

149 2984 246 3050 fuere
273 2983 397 3068 Latini,
427 2990 704 3076 provocaturque
738 2985 878 3051 tandem
907 2984 952 3051 ab
985 2983 1103 3050 Aenea
1138 2984 1273 3051 Turnus

150 3093 211 3182 qui
230 3114 348 3158 secum
366 3093 457 3159 ferro
478 3093 652 3160 decernat.

193 3200 366 3267 Hactenus
389 3206 505 3267 autem
528 3201 653 3267 Amata
673 3201 880 3290 pertinacius
905 3200 939 3265 in
961 3221 1021 3289 spe
1041 3199 1160 3288 aliqua
1177 3221 1274 3288 pers·

148 3307 284 3389 titerat;
301 3329 392 3374 nunc
413 3330 505 3390 vero,
528 3331 606 3374 cum
628 3309 745 3374 omnia
763 3329 831 3373 non
849 3306 923 3394 jam
937 3307 971 3372 in
990 3306 1097 3373 dubia
1116 3305 1273 3372 diuturni

148 3413 232 3481 belli
260 3416 347 3498 alea,
379 3415 441 3481 sed
470 3416 506 3481 in
536 3417 709 3506 praesenti
741 3415 842 3480 unius
873 3406 997 3504 proelii
1027 3414 1119 3479 exitu
1152 3413 1274 3503 reponi

148 3521 254 3605 videt,
277 3526 350 3589 tum
370 3522 496 3605 subito,
517 3562 561 3571 —
585 3523 683 3611 quasi
708 3521 932 3611 adhuousque
957 3521 1209 3604 somniavissct,
1232 3560 1275 3570 -

146 3817 286 3879 paulopost
300 3817 410 3866 dicturus
426 3821 464 3865 est
477 3821 509 3877 <
518 3822 590 3879 poeta
599 3821 647 3876 >:
664 3818 760 3866 Allecto
775 3817 880 3865 stimulis
895 3817 945 3879 agit
959 3816 1067 3879 undique
1080 3813 1181 3866 Bacchi.
1194 3833 1207 3860 υ
1223 3816 1274 3866 Hoc

144 3894 273 3951 perperam
288 3888 399 3939 Servius.
413 3888 499 3937 Dolum
515 3894 538 3938 et
553 3890 663 3938 fraudem
679 3891 781 3938 subesse
796 3888 918 3951 Vergilius
932 3888 967 3936 ibi
982 3888 1113 3948 significat.

178 3961 200 4011 1.
220 3960 255 4009 Cl.
272 3962 345 4019 Aea,
362 3960 404 4021 Xl,
425 3960 471 4009 478
490 3976 544 4025 sqq.
561 3975 567 4008 :
587 3981 598 4005 u
620 3961 721 4009 Necnon
740 3961 769 4010 ad
787 3961 932 4022 templum...
950 3978 962 4003 »
975 3973 981 4020 ;
994 3958 1049 4021 Xll,
1063 3957 1111 4008 30:
1128 3977 1140 4003 c
1156 3958 1276 4026 conjugis

146 4035 171 4080 et
184 4034 289 4080 maestae
306 4032 442 4083 lacrimis...
455 4051 467 4076 »

176 4103 200 4152 2.
219 4103 255 4152 cr.
271 4104 352 4163 Aera,
366 4103 418 4165 Vll,
433 4103 548 4167 392-396,
564 4103 680 4164 loo-403,
696 4103 814 4163 580-5813
830 4103 873 4160 XI,
888 4101 1002 4160 att-878,
1020 4101 1134 4163 891-895,
1153 4101 1205 4166 ubi,
1221 4103 1274 4153 ins·

146 4175 247 4238 tigante,
277 4179 303 4223 ut
326 4174 458 4224 verisimile
482 4180 528 4235 cst,
552 4177 648 4239 Amata,
671 4176 770 4224 Latinae
798 4174 911 4223 mulieres
936 4173 966 4222 ad
994 4173 1164 4224 defendendos
1189 4188 1274 4224 muros

147 4246 268 4294 irruentes
282 4249 355 4307 poeta
369 4247 497 4297 describit.
689 4307 691 4312 Ι

177 4315 201 4367 3.
219 4319 288 4367 Aen.
304 4316 358 4379 Xll,
373 4316 412 4366 30.
434 4318 552 4372 Victus...
569 4318 680 4384 conjugis
696 4321 720 4367 et
734 4322 840 4368 maestae
855 4315 972 4381 lacrimis,
988 4321 1033 4368 etc.

179 4386 203 4440 l.
221 4389 285 4448 Aea,
301 4388 344 4457 lii,
357 4388 411 4442 478.
