2844 4928
576 341 673 390 arsur
698 343 847 392 raanan.
1232 323 1276 390 67

199 518 310 585 Immo
329 540 412 585 vero
432 517 564 609 aliquid
583 519 686 585 etiam
706 518 856 608 amplius
870 518 981 584 voluit
994 517 1195 604 Vergilius:
1216 533 1276 583 vo·

148 625 217 692 luit
236 647 305 692 uon
318 647 460 716 prorsus
475 648 550 694 esse
565 626 688 692 falsam
707 647 784 692 eam
796 626 1011 693 innocentiae
1031 625 1275 692 conscientiam

151 754 257 822 quam
287 733 353 799 sibi
380 734 457 822 ipsa
483 732 571 799 Dido
602 733 779 820 confingit,
807 755 919 822 neque
948 731 1106 799 mendaci
1137 733 1276 799 omnino

150 839 337 906 securitate
354 840 478 906 fretam
497 841 653 927 reginam
668 840 713 906 ad
728 839 927 907 violandum
945 839 1115 929 pudorem
1136 838 1273 906 adduci.

153 944 292 1038 Quippe
312 947 372 1037 qui
390 946 563 1014 lunonem
587 947 644 1014 hic
672 947 840 1014 deaucet
862 946 1029 1014 Venerem
1059 946 1276 1016 advocandus
1362 982 1364 989 ·

152 1075 230 1120 esse
259 1055 416 1121 censeat¹
445 1077 454 1123 :
481 1078 542 1121 cur
571 1059 699 1138 autem,
725 1056 792 1121 nisi
818 1054 863 1122 ad
890 1053 1123 1145 probandum,
1153 1055 1278 1120 iterata

153 1161 301 1229 duarum
321 1161 472 1228 Dearum
493 1184 599 1251 opera
617 1161 921 1251 redintegratoque
941 1163 1027 1228 nisu'
1050 1183 1137 1252 opus
1156 1161 1274 1244 fuisse,

152 1273 192 1334 ut
220 1267 265 1334 ad
293 1269 416 1335 ultima
442 1269 578 1359 prolabi
607 1268 696 1336 Dido
728 1270 857 1335 vellet?
893 1268 1041 1335 Insidias
1067 1269 1141 1356 jam
1179 1268 1276 1358 prius

152 1382 415 1465 comparaverat
434 1375 553 1443 Venus
573 1381 610 1443 ut
629 1399 727 1443 amor
741 1378 894 1443 animum
908 1376 1052 1443 Didonis
1072 1381 1274 1466 occuparet;

151 1481 296 1549 insidias
334 1505 425 1549 nunc
467 1488 644 1573 comparat
678 1483 770 1550 luno
805 1489 842 1550 ut
875 1483 1016 1550 tandem
1045 1483 1155 1550 amori
1186 1481 1275 1548 Dido

152 1589 369 1658 succumbat.
402 1590 479 1656 Non
507 1591 618 1657 solnm
643 1591 748 1676 igitur
769 1613 809 1671 se
835 1593 946 1681 ipsam
966 1591 1057 1657 ultro
1076 1589 1165 1657 Dido
1185 1589 1276 1656 deci-

152 1698 217 1788 pit,
240 1696 302 1763 sed
321 1720 342 1764 a
360 1696 433 1763 Diis
452 1699 646 1765 necessario
666 1698 848 1788 decipitur.
872 1698 947 1765 Non
972 1698 1123 1764 humana
1142 1702 1276 1764 tantum

152 1804 344 1894 cupiditate
365 1827 404 1872 ac
423 1806 617 1888 voluntate,
640 1804 701 1872 sed
719 1806 815 1872 fatali
839 1806 990 1895 quodam
1011 1810 1046 1872 et
1062 1804 1276 1871 ineluctabili

151 1913 305 1978 numinis
323 1914 488 1980 instinctu
507 1912 551 1980 ad
568 1941 583 1973 «
606 1914 742 2003 culpam
766 1942 782 1976 u
804 1915 1013 2004 promoveri,
1035 1913 1171 1979 volente
1191 1910 1277 1980 Ver-

151 2018 251 2104 gilio,
282 2018 431 2087 videtur.
459 2013 574 2110 Atque
599 2020 655 2086 vel
683 2022 786 2086 etiam
806 2043 847 2086 eo
868 2021 1035 2111 temporis
1058 2024 1185 2110 puncto
1205 2042 1274 2108 quo

152 2127 348 2194 semeneae
368 2126 567 2194 habendam
585 2126 701 2208 tradit,

433 2326 461 2374 et
475 2321 572 2375 Tellus
587 2327 617 2375 et
631 2323 780 2388 pronuba²
792 2299 871 2378 Juno

150 2495 186 2558 et
205 2492 426 2580 Hymenaeus
444 2493 557 2576 adest;
580 2515 732 2561 necnon

432 2687 549 2754 fulgent
560 2687 645 2754 ignes
658 2693 688 2742 et
702 2690 839 2743 conscius
853 2689 963 2742 Aether

300 2759 448 2823 conubiis,
462 2773 638 2825 summoque
648 2761 803 2825 ulularunt
818 2761 926 2814 vertice
938 2759 1124 2826 nympham:

147 2930 219 2978 nulla
237 2929 295 2978 mihi
319 2930 418 2979 omnino
444 2929 579 2980 satisfaciat
602 2932 830 2995 interpretationum
854 2945 916 2994 quas
937 2935 1033 2980 veteres
1055 2934 1096 2980 aut
1124 2931 1273 2980 recentiores

148 3004 353 3051 commentatores
368 3001 468 3064 dedere)
485 3017 491 3051 :
513 3022 525 3048 «
548 3003 611 3052 Dido
628 3004 747 3066 spirantia
761 3008 816 3051 exta
831 3003 945 3063 consulit,
961 3003 1056 3051 scilicet
1076 3003 1172 3065 quaerit
1192 3006 1272 3051 utrum

147 3072 240 3122 tacitae
254 3071 441 3134 interrogationi
466 3084 525 3121 suae
547 3073 716 3122 affirmativam
740 3087 770 3122 an
795 3073 931 3136 negativam
951 3073 1135 3135 responsionem
1151 3072 1188 3120 Dii
1204 3073 1272 3121 dent.

149 3142 298 3192 Sacerdotes
313 3148 397 3192 contra
412 3143 500 3206 (nates)
516 3144 581 3192 idem
596 3159 649 3194 cum
665 3145 708 3193 illa
722 3144 808 3194 sedulo
823 3159 851 3192 ac
866 3144 985 3193 bonafide
996 3148 1123 3207 quaerunt,
1135 3144 1273 3192 nescientes

146 3215 199 3277 jam
214 3214 294 3263 adbuc
309 3228 454 3278 progressas
470 3231 508 3264 res
531 3231 586 3265 esse
601 3223 627 3264 at
641 3217 736 3264 inutilia
756 3229 875 3278 responsa
890 3216 1041 3264 victimarum
1061 3216 1118 3273 siat,
1135 3216 1188 3264 sive
1207 3215 1272 3278 quod

141 3284 214 3334 ‘Dido
228 3284 328 3348 placito
343 3287 428 3335 umori
440 3302 488 3335 uon
501 3288 550 3349 jam
563 3291 676 3353 preparat,
692 3288 744 3337 sive
758 3287 824 3350 quod
840 3287 878 3336 nu
890 3288 1052 3336 decreverunt
1066 3287 1207 3336 necessario
1222 3287 1273 3335 fore

149 3361 178 3405 ut
192 3357 343 3420 succumbat,
359 3359 403 3406 etsi
425 3358 495 3407 malis
510 3360 632 3408 ominibus
652 3360 682 3408 ab
704 3374 732 3408 eo
750 3360 867 3418 consilio,
883 3359 977 3422 dequo
992 3363 1048 3407 exta
1063 3359 1208 3421 interrogat,
1226 3358 1272 3406 de-

151 3431 283 3476 terreatur.
303 3447 314 3472 u

183 3498 212 3547 Et
231 3499 270 3548 ille
284 3500 412 3564 gliscentis
431 3502 581 3564 cupiditatis,
598 3516 646 3565 qua
666 3502 729 3551 Dido
748 3502 902 3563 obcaecatur,
926 3516 1056 3565 processus
1077 3504 1157 3550 cetera
1178 3501 1274 3550 inutilia

150 3570 218 3619 facit.
233 3570 279 3632 (Cf.
295 3572 374 3630 Aea„
391 3572 431 3634 IV,
447 3573 514 3638 464.)
529 3574 636 3637 Namque

511 3668 545 3708 est
560 3665 638 3706 molles
650 3663 739 3707 flamma
754 3662 864 3707 medullas

514 3727 598 3770 interea

183 3801 339 3865 Paaaaaanr,
355 3805 446 3868 aliique
465 3821 519 3854 cum
536 3807 578 3855 illo
594 3807 749 3869 interpretes,
767 3807 907 3856 ratiocinari
924 3806 981 3854 mihi
996 3805 1111 3854 videntur
1123 3805 1193 3868 quasi
1208 3803 1271 3852 Dido

151 3874 205 3922 sine
219 3874 364 3938 ambagibus
381 3878 520 3926 sacerdotes
535 3879 712 3941 interrogasset
726 3893 757 3926 an
774 3879 822 3926 sibi
837 3892 918 3935 amare
931 3877 1038 3926 Aeneam
1052 3876 1146 3936 liceret,
1162 3880 1186 3924 et
1200 3889 1272 3925 veras

148 3945 269 3994 litationis
290 3961 377 3995 causas
397 3950 585 4011 praetendisset.
609 3947 679 4008 Quod
700 3964 749 3998 non
766 3949 901 3998 verisimile
915 3953 960 3997 est.
976 3946 1022 4012 (Cf.
1040 3948 1117 3998 Aaou.
1134 3947 1199 4010 apud
1215 3946 1273 3996 Ser-

149 4016 217 4064 vium
232 4016 265 4066 in.
282 4017 307 4069 h.
324 4019 351 4080 l.)

183 4086 206 4136 l.
225 4087 300 4148 Aen„
315 4090 356 4149 IV,
372 4089 470 4141 90-128.

182 4157 207 4211 2.
224 4179 236 4205 u
253 4160 382 4233 Pronubae
397 4162 544 4212 adhibentur
558 4165 659 4226 nuptiis,
675 4180 736 4229 quae
751 4165 825 4216 semel
841 4169 985 4228 nupserunt,
1004 4168 1030 4212 ut
1053 4163 1197 4212 matrimonii
1216 4175 1272 4224 per-

151 4232 293 4292 petuitatem
308 4233 471 4295 auspicantes.
493 4253 505 4278 »
527 4234 624 4297 Fessus,
640 4237 706 4300 apud
719 4238 806 4296 Lesas,
824 4237 1008 4302 Antiquitates
1021 4248 1155 4293 romanae,
1175 4248 1200 4296 p.
1215 4231 1270 4282 237.

182 4301 207 4353 3.
224 4301 335 4352 Ceterum
352 4305 408 4366 ipsa
430 4305 492 4355 Juno
514 4307 648 4357 declaravit
669 4308 720 4372 (tv,
738 4309 783 4359 103
795 4313 818 4358 et
836 4308 891 4365 126)
906 4323 911 4357 :
929 4307 1038 4356 Conubia
1058 4307 1157 4369 jungam
1180 4305 1271 4354 stabili.

152 4372 360 4424 -Simulacrum
383 4376 458 4440 igitur
479 4377 601 4441 quoddam
625 4379 701 4430 fuisse
723 4381 830 4444 conjugii
851 4379 974 4445 Vergilius
995 4378 1125 4442 significat,
1142 4377 1272 4448 ¹Didonem

152 4449 322 4496 excusaturus.
347 4474 379 4485 -
398 4448 469 4498 Errat
486 4449 589 4499 Servius
608 4464 662 4499 cum
678 4452 833 4501 haecomnia
849 4471 862 4498 «ι
880 4451 944 4501 mala
958 4450 1062 4500 omina»
1075 4448 1190 4510 judicem
1204 4447 1270 4512 quod

153 4515 289 4568 rectissime
303 4519 453 4571 demonstrat
466 4521 559 4585 Hanni,
576 4522 653 4584 Aera,
668 4522 696 4584 ll,
715 4539 740 4588 p.
751 4522 799 4574 645
811 4537 865 4588 sqq.
