2844 4928
520 351 618 396 carus
643 351 793 397 rnnriuu.
1128 320 1133 326 ⁸
1175 323 1215 397 ti

95 527 169 592 sive
189 547 301 613 oum«
319 525 463 592 infelicis
485 553 501 587 »
520 527 676 613 reginae,
709 553 725 586 α
757 526 905 617 miserae
930 553 947 588 »
977 525 1119 591 Didonis
1149 547 1219 592 sor·

94 638 167 700 tem
185 632 277 700 ultro
295 633 370 724 ipse
390 633 600 699 lamentatur
612 641 633 699 ¹.

140 740 264 829 Adjice
280 739 374 831 'quod
396 744 431 806 ct
444 739 528 806 alibi
542 739 692 806 libenter
703 742 924 807 immoratum
938 740 1132 830 Vergilium
1147 742 1219 808 ani-

94 857 372 938 madvertamus,
399 877 524 947 nempe
552 858 859 946 quotienscumque
884 858 916 924 ei
934 858 1121 948 praebetur
1143 858 1218 925 dul-

95 967 206 1033 ciores
234 964 339 1031 animi
365 964 626 1053 tenerioresque
659 964 801 1031 affectus
829 964 1046 1034 describendi
1069 966 1214 1032 occasio.
1291 1030 1303 1041 ,

97 1071 222 1163 Utpote
257 1072 316 1160 qui
351 1074 488 1137 coactus
523 1072 567 1136 sit
594 1070 637 1136 ad
661 1072 836 1137 narranda
861 1072 1066 1162 plerumque
1095 1073 1220 1138 bellica

93 1180 275 1269 virilisque
296 1199 402 1267 opera
420 1198 544 1266 resque
560 1183 726 1261 austeras,
744 1178 992 1245 intermittendi
1011 1180 1143 1245 itineris
1159 1202 1219 1246 eae

95 1292 176 1354 sunt
192 1287 243 1352 illi
260 1289 404 1375 pacatae
425 1286 524 1374 quasi
539 1286 720 1352 sessiones.
737 1285 810 1351 Hoc
830 1307 904 1352 esse
925 1307 1048 1353 causae
1064 1288 1220 1353 existimo

95 1402 145 1479 ut,
167 1393 353 1484 incipiente
378 1392 582 1481 praesertim
606 1398 783 1482 poemate,
810 1415 889 1459 cum
912 1416 977 1460 nec
1000 1399 1136 1483 tempus
1157 1415 1220 1460 nec

127 1658 150 1707 1.
167 1659 242 1721 Aen„
258 1661 277 1721 l,
377 1661 421 1766 ἒξ
431 1659 578 1766 {pgmoeipie
589 1661 685 1764 infelijipi,
698 1660 755 1716 pesti
765 1660 844 1704 devota
857 1660 945 1704 laturae

419 1746 429 1755 ·
477 1751 537 1764 .....
555 1734 695 1765 insueto

450 1785 537 1828 lnsidat
548 1791 647 1840 quantus
658 1787 761 1828 miserae
771 1785 826 1829 dens
835 1788 840 1827 Ι

378 1850 417 1894 749
432 1862 438 1892 :
451 1848 544 1899 Inscita
557 1847 613 1890 Dido
618 1877 678 1890 .....

337 1915 374 1969 iV,
389 1913 417 1957 tt
431 1925 437 1954 ι
453 1911 517 1954 lieu!
534 1916 610 1952 vatum
626 1910 718 1965 ignarae
731 1915 830 1953 mentes!
841 1911 895 1966 qnid
907 1916 958 1954 vota
972 1911 1090 1966 furentem,

456 1972 515 2025 Quid
529 1972 623 2015 delubra
631 1972 727 2027 juvant?

361 2039 424 2083 stas
439 2051 444 2081 :
462 2064 523 2081 .....
538 2047 644 2090 magnum
655 2040 676 2078 et
685 2036 828 2080 memorabile
840 2049 919 2079 nomen

456 2099 505 2143 Une
517 2097 567 2142 dolo
582 2097 659 2141 divum
670 2098 689 2141 si
699 2098 781 2141 femina
793 2099 851 2142 victa
862 2101 957 2143 duorum
968 2103 1016 2142 est?

377 2165 416 2208 asi
433 2176 438 2205 :
529 2173 578 2204 sese
590 2161 682 2215 interea,
692 2162 780 2216 quando
794 2163 885 2216 optima
899 2162 954 2204 Dido

454 2223 546 2268 Nesciat
555 2229 577 2266 et
591 2229 664 2266 tantos
677 2224 750 2278 rumpi
766 2236 809 2267 non
822 2230 897 2280 speret
906 2236 1030 2268 amores...

379 2290 419 2333 298
434 2303 440 2332 :
460 2317 521 2331 .....
533 2287 616 2330 Eadem
630 2287 708 2340 impio
716 2288 782 2330 Fama
793 2289 888 2339 furenti

455 2351 540 2394 Detulit
552 2349 635 2392 ermari
647 2350 779 2392 classem...

374 2415 413 2458 333
429 2427 435 2456 ι
450 2413 549 2456 Tandem
559 2424 638 2466 pauca
653 2413 720 2455 refert
730 2412 835 2468 (Aeneas)

377 2477 416 2520 tos
432 2489 437 2518 :
453 2476 509 2528 Quis
524 2476 564 2519 tibi
574 2481 629 2528 tum,
641 2475 704 2530 Dido,
718 2477 817 2518 cernenti
830 2476 882 2518 talia
897 2480 993 2520 seusus?

453 2538 545 2590 Quosve
558 2538 626 2580 dabas
640 2538 745 2594 gemitus,
759 2544 799 2581 etc.

377 2603 417 2646 412
433 2615 439 2644 ι
453 2603 553 2656 Improbe
566 2603 643 2655 Amor,
657 2601 711 2656 quid
722 2614 765 2644 non
780 2601 881 2644 mortalia
893 2606 980 2656 pectora
994 2601 1072 2656 cogis?

376 2666 416 2708 696
430 2680 436 2708 :
452 2664 510 2707 Nam
522 2665 573 2719 quia
587 2676 627 2706 nec
640 2664 693 2718 fato,
707 2664 785 2707 merita
797 2677 836 2706 uec
846 2671 916 2707 morte
931 2664 1024 2719 peribat,

455 2727 498 2770 Sed
512 2728 602 2770 misera
611 2732 663 2770 aute
673 2728 740 2782 diem,
752 2728 870 2782 subitoque
885 2739 976 2770 accensa
989 2728 1101 2771 lurore...

125 2863 226 2914 Necnon
239 2864 265 2912 in
274 2863 349 2926 Aen,
363 2862 405 2922 IV,
420 2862 451 2911 38
463 2877 528 2926 sqq,
541 2863 587 2912 325
602 2878 656 2927 sqq.
672 2867 818 2912 revocantur
828 2877 870 2912 eae
881 2864 970 2925 civilis,
988 2867 1012 2911 ut
1024 2864 1058 2911 ita
1072 2863 1160 2926 dicam,
1173 2863 1218 2912 uti-

93 2937 173 2986 litatis
185 2949 274 3021 causae
284 2950 346 2999 quas
361 2939 479 2997 concepto
495 2949 550 2998 erga
574 2935 681 2984 Aeneam
700 2935 776 2983 amori
796 2935 939 2998 indulgendi
953 2934 1017 2982 Dido
1032 2934 1125 2984 babuit.
1146 2934 1182 2986 Cf.
1199 2936 1218 2996 l,

93 3006 292 3140 33lii.5ii13lterc.,
304 3076 344 3141 lV,
360 3077 407 3127 493
421 3090 474 3141 sqq.
492 3097 503 3122 u
578 3079 686 3140 magicas
700 3078 812 3127 invitam
826 3078 949 3141 accingier
963 3083 1036 3127 artes.
1058 3097 1069 3122 u
1090 3077 1191 3128 Ssnvms
1210 3094 1216 3127 :

95 3170 108 3196 o
125 3151 184 3214 quia
197 3165 252 3199 cum
265 3150 341 3199 multa
357 3163 428 3198 sacra
442 3149 543 3198 Romani
559 3149 720 3212 susciperent,
736 3163 832 3212 semper
847 3150 941 3212 magica
955 3132 1111 3199 damnarunl.
1122 3187 1143 3198 ..
1163 3150 1218 3198 ideo

202 3259 208 3272 ,
225 3240 238 3266 i)

95 3225 280 3357 exlesutiaduoque
294 3293 372 3357 quinti
386 3292 443 3342 libri
458 3293 566 3342 ineuntis
585 3307 672 3344 versus
693 3293 863 3342 demonstrant
884 3294 968 3342 intimo
989 3293 1062 3342 corde
1084 3293 1218 3356 Vergilium

96 3364 188 3414 lavisse
202 3364 292 3412 Didoni
309 3382 314 3414 :

413 3429 418 3439 '
472 3464 533 3479 .....
546 3436 598 3480 duri
610 3449 691 3492 magno
702 3435 741 3479 sed
752 3447 838 3479 eineres
849 3435 935 3479 dolores

468 3500 565 3553 pottuto,
579 3506 700 3554 notumque
711 3499 789 3542 furens
801 3499 854 3553 quid
867 3499 948 3542 femina
961 3498 1032 3554 possit

468 3563 533 3605 triste
547 3574 586 3618 per
596 3563 715 3618 augurium
726 3563 862 3605 Teucrorum
878 3570 965 3616 pectora
980 3563 1071 3605 ducunt.
1084 3559 1120 3617 (V,
1133 3561 1184 3614 5-7).

27 3720 30 3727 ·
128 3695 156 3748 si
170 3697 269 3762 quidem
284 3716 295 3741 o
316 3695 418 3761 polluto
439 3716 452 3742 υ
471 3713 531 3746 vera
549 3697 622 3747 lectio
643 3702 680 3747 est
700 3698 754 3760 (nec
775 3697 903 3746 dubitandi
921 3697 990 3746 locus
1013 3697 1073 3760 est),
1097 3696 1151 3759 quis
1170 3710 1218 3745 non

58 3760 67 3775 ⁵
94 3770 164 3819 videt
178 3768 313 3832 Vergilium
328 3769 362 3818 ibi
380 3783 426 3832 per
444 3770 564 3833 quandam
585 3769 773 3832 imprudentiam
787 3769 883 3817 Aeneae
905 3783 933 3817 ec
953 3769 1054 3816 Teucris
1075 3769 1218 3816 sententiam

95 3855 165 3890 suam
179 3841 258 3903 ipsius
274 3840 416 3901 attribuere,
427 3841 517 3903 quibus
527 3841 624 3903 quidem
639 3842 682 3889 illa
692 3841 789 3890 minime
802 3841 934 3889 convenit?
943 3840 1062 3888 Didonem
1075 3854 1132 3888 sane
1147 3854 1218 3887 suum

94 3913 127 3961 ab
137 3913 221 3960 Aenea
234 3925 339 3961 amorem
350 3911 483 3975 pollutum
498 3913 579 3961 dicere
594 3926 696 3975 aequum
712 3918 748 3960 est
763 3913 804 3975 (ci.
820 3913 893 3971 Aen,
907 3911 948 3970 IV,
961 3910 1075 3970 sto-380,
1091 3909 1146 3969 306,
1161 3909 1216 3969 307,

93 3982 150 4042 316,
166 3987 238 4046 atque
253 3984 278 4031 in
290 3982 315 4030 h.
327 3982 344 4033 Ι.
357 3983 609 4044 nummo-Summa
618 3985 649 4032 cl.
658 3985 731 4032 etiam
741 3983 876 4032 Conruerou
885 3984 909 4030 in
920 3984 978 4034 Anu.
988 3983 1027 4042 ΙΙΙ,
1040 3981 1080 4046 61)
1090 3997 1096 4043 ;
1112 3983 1218 4030 Aeneam

93 4056 174 4118 ipsum
189 4054 260 4103 lateri
274 4068 324 4102 non
338 4053 416 4114 decet,
432 4070 460 4103 se
475 4055 575 4117 impium
591 4069 619 4103 ac
629 4055 750 4117 pertidum
767 4056 851 4113 inisse,
864 4052 1023 4117 sanctumque
1038 4055 1090 4102 veri
1110 4053 1218 4116 conjugii

93 4126 182 4175 foedus
197 4126 337 4174 violavisse.
352 4125 406 4184 Quo
421 4130 501 4175 tamen
518 4126 543 4174 in
557 4127 632 4175 verbo
648 4129 715 4175 solus
729 4127 821 4184 haesit,
837 4127 884 4173 nisi
900 4126 980 4187 fallor,
998 4127 1149 4173 Puununuur.
1168 4125 1217 4172 Sed

94 4196 238 4256 difficultas,
255 4198 399 4260 quasillum
413 4211 464 4245 non
477 4198 550 4260 logit,
575 4197 735 4257 enodabitur,
751 4203 777 4247 ut
798 4198 893 4261 opinor,
909 4198 1030 4259 siquidem
1046 4199 1094 4244 ista
1114 4195 1216 4257 Vergilii

94 4268 229 4317 voluntatis
243 4270 268 4317 in
281 4269 400 4318 Didonem
422 4283 499 4331 prona
517 4271 595 4333 magis
609 4284 680 4332 quam
700 4271 725 4317 in
740 4271 846 4318 Aeneam
860 4269 984 4317 inclinatio
1005 4272 1119 4330 reputata
1135 4267 1216 4317 luerit.

94 4339 193 4402 Deque
208 4340 271 4388 inira
292 4341 405 4402 amplius.
423 4368 451 4376 -
467 4340 512 4388 Vv.
534 4339 563 4400 V,
585 4341 632 4397 1-7,
654 4341 730 4389 deleri
750 4357 764 4389 a
779 4341 806 4389 G.
824 4341 963 4388 Heiorunns
984 4344 1066 4388 monet
1079 4339 1216 4403 Giirutrn03

96 4424 145 4458 non
160 4416 241 4459 tamen
254 4412 308 4474 ipse
323 4412 477 4474 deletusque
493 4413 563 4460 uncis
578 4412 688 4461 includit.

1070 4501 1083 4542 4
