2844 4928
580 309 678 354 CAPUT
703 309 854 356 TERTIUM.

152 481 194 548 in
215 481 288 548 istis
308 480 434 549 deinde
455 482 669 553 manifestius
692 506 698 551 :

628 734 672 785 En
687 731 791 784 dextra
805 732 937 796 fidesque

253 824 340 877 quem
355 824 456 866 secum
468 813 571 866 Iliacos
587 813 673 865 aiunt
688 817 803 879 portare
820 815 952 877 Penates,

252 906 341 958 quem
359 893 488 949 subiisse
502 894 637 948 humeris
651 894 818 947 confectum
832 896 929 945 aetate
940 896 1101 958 parentem,
1119 896 1175 945 etc.

155 1112 252 1196 Quid
269 1117 323 1184 his
338 1118 456 1201 verbis
474 1118 698 1206 significatur,
723 1120 789 1186 nisi
808 1118 978 1186 Didonem
997 1118 1172 1209 putavisse
1191 1117 1283 1184 illius

154 1223 274 1291 herois
292 1226 445 1313 ingenie,
467 1250 572 1317 quem
592 1227 738 1296 Veneris
757 1227 868 1294 tilium
887 1226 1083 1294 dictitarent
1106 1232 1140 1293 et
1157 1224 1200 1292 de
1214 1248 1283 1315 quo

153 1335 231 1399 tam
258 1332 449 1401 laudabilia
484 1340 721 1417 narrarentur,
753 1334 857 1401 molle
890 1357 930 1401 ac
962 1339 1119 1400 tenerum
1152 1332 1284 1422 aliquid

153 1439 288 1524 inesse;
305 1440 535 1532 bellicamque
549 1443 652 1525 illius,
669 1441 725 1509 vel
737 1442 823 1508 nulli
837 1440 1018 1533 imparem,
1032 1440 1280 1519 fortitudinem,

153 1568 228 1613 non
251 1552 369 1614 tamen
386 1548 519 1616 foedari
540 1549 729 1616 inhumana
748 1551 812 1616 ista
831 1549 1012 1639 ferreaque
1033 1570 1174 1615 suorum
1193 1570 1284 1614 com-

154 1653 355 1721 militonum
371 1654 560 1723 duritiei...
581 1657 670 1724 Ecce
696 1662 811 1723 autem
834 1657 957 1724 ceteris
973 1676 1052 1722 eum
1067 1655 1169 1745 plane
1191 1655 1284 1721 simi-

152 1760 228 1827 lem
256 1763 451 1852 comperit:
476 1763 606 1853 quippe
636 1764 695 1854 qui
723 1786 790 1831 non
815 1763 918 1830 modo
947 1762 1187 1829 devotissimae
1217 1762 1283 1828 sibi

152 1867 311 1935 mulieris
331 1890 485 1936 amorem
502 1871 683 1960 promissis
702 1871 818 1957 regnis
838 1876 1047 1960 anteponere
1067 1892 1133 1936 non
1155 1869 1279 1952 valent,

153 1974 398 2066 Didonemque
412 1998 523 2060 suam,
541 1978 766 2047 reviviscente
787 1978 901 2044 subito
917 1977 1117 2059 ambitione,
1131 1976 1280 2060 deserat,

154 2081 273 2154 sedet
293 2106 404 2175 aequo
424 2085 538 2152 animo
553 2091 587 2153 et
608 2112 624 2149 «
646 2108 753 2154 ovans
776 2113 792 2150 n
813 2085 975 2153 deserere
995 2084 1153 2152 videatur
1173 2105 1181 2154 ε

206 2416 208 2420 λ
250 2343 328 2396 Num
342 2345 414 2398 fletu
431 2345 577 2411 ingemuit
591 2345 716 2396 nostro‘l
730 2347 805 2397 Num
820 2342 934 2395 lumina
948 2342 1052 2396 ssexit‘i

250 2423 327 2476 Num
341 2423 478 2477 lacrimas
495 2424 591 2477 victus
606 2424 688 2477 dedit
700 2428 752 2476 aut
766 2423 925 2476 miseratus
942 2427 1091 2475 amantem
1106 2424 1172 2475 esti

153 2653 236 2722 Jam
253 2654 362 2742 igitur
377 2659 551 2725 evanescit
570 2680 610 2725 ex
631 2658 739 2725 oculis
761 2657 835 2745 ejus
855 2657 998 2723 eximius
1013 2655 1071 2723 ille
1091 2678 1130 2723 ac
1148 2655 1280 2746 perlec-

152 2768 212 2829 tus
235 2761 351 2847 heros,
374 2786 478 2854 quem
497 2766 583 2832 raris
609 2771 642 2832 et
670 2764 903 2855 peculiaribus
934 2764 1038 2831 animi
1070 2762 1208 2831 dotibus
1232 2765 1280 2830 vi-

152 2891 214 2936 ros
227 2891 346 2937 omnes
363 2873 458 2938 omni
478 2873 581 2940 modo
601 2873 864 2939 antecellentem
881 2871 948 2938 sibi
960 2871 1048 2938 Dido
1068 2871 1208 2938 amabili
1228 2894 1280 2938 er·

152 2998 235 3043 rore
253 2977 419 3065 fingebat.
448 2977 583 3047 Corruit
606 2980 694 3046 falsa
719 2980 778 3046 illu
796 2979 939 3069 species,
961 3002 1031 3068 qua
1054 2979 1175 3045 delusa
1192 2979 1276 3062 fuit;

153 3089 191 3151 et
204 3085 310 3151 fuisse
325 3084 432 3170 dolet,
454 3092 487 3153 et
502 3109 592 3154 nunc
612 3088 817 3177 resipiscens
836 3086 992 3152 mendaci
1008 3107 1175 3176 personae
1194 3087 1280 3154 iras-

150 3191 254 3275 citur,
268 3192 501 3283 stultitiaeque
512 3196 588 3284 ipsa
599 3217 693 3278 suae,
708 3200 810 3284 rupto
820 3195 1055 3278 fascinatione,
1069 3196 1276 3263 succenset¹.

198 3297 282 3365 lude
301 3298 341 3366 fit
359 3305 397 3367 ut
415 3301 598 3368 «abolitus
620 3329 636 3364 »
655 3323 768 3392 nuper
787 3325 807 3367 u
825 3301 993 3391 Cupidine
1015 3301 1191 3389 Sychaeus
1204 3301 1278 3387 jam

150 3406 190 3475 in
208 3405 352 3474 Didonis
372 3408 487 3475 animo
508 3409 608 3498 quasi
627 3414 813 3496 resurgat:

342 3658 423 3712 rlunc
437 3658 572 3711 exaudiri
588 3671 673 3712 voces
689 3663 718 3711 et
734 3658 824 3712 verba
838 3661 972 3712 vocantis

340 3738 404 3792 visa
420 3738 486 3804 viri,
502 3751 562 3792 nox
577 3753 645 3792 cum
662 3745 754 3793 terras
770 3741 894 3793 obscura
909 3745 1048 3793 teneret...

147 3959 273 4054 Neque
299 3962 358 4030 illc
382 3965 534 4052 resurgit
562 3969 596 4030 et
624 3970 727 4051 urget
752 3964 894 4032 admissi
924 3965 968 4032 ab
995 3988 1100 4033 uxore
1130 3964 1277 4058 perjurii

183 4299 208 4353 l.
225 4274 262 4353 De
275 4301 365 4355 ironia
380 4317 442 4368 quae
456 4304 560 4353 Didonis
575 4304 703 4368 questibus
720 4305 794 4365 inest,
811 4305 842 4357 et.
860 4303 900 4366 IV,
916 4303 1030 4366 mit-381,
1045 4305 1116 4369 (quoe
1135 4320 1175 4357 vv.
1192 4305 1239 4355 315
1253 4311 1276 4356 et

146 4373 199 4427 356
216 4377 390 4439 respondent);
405 4376 466 4437 427,
481 4375 536 4424 432.

1129 4468 1141 4508 7
