<?xml version="1.0" encoding="UTF-8"?>
<!DOCTYPE html PUBLIC "-//W3C//DTD XHTML 1.0 Transitional//EN"
    "http://www.w3.org/TR/xhtml1/DTD/xhtml1-transitional.dtd">
<html xmlns="http://www.w3.org/1999/xhtml" xml:lang="en" lang="en">
 <head>
  <title>
</title>
<meta http-equiv="Content-Type" content="text/html;charset=utf-8" />
  <meta name='ocr-system' content='tesseract 3.04.00' />
  <meta name='ocr-capabilities' content='ocr_page ocr_carea ocr_par ocr_line ocrx_word'/>
</head>
<body>
  <div class='ocr_page' id='page_1' title='image "./devergilioininf00rbgoog_0063.png"; bbox 0 0 2844 4928; ppageno 0'>
   <div class='ocr_carea' id='block_1_1' title="bbox 135 300 896 366">
    <p class='ocr_par' dir='ltr' id='par_1_1' title="bbox 135 300 896 366">
     <span class='ocr_line' id='line_1_1' title="bbox 135 300 896 366; baseline 0 -2"><span class='ocrx_word' id='word_1_1' title='bbox 135 316 137 321; x_wconf 71' lang='grc'>’</span> <span class='ocrx_word' id='word_1_2' title='bbox 234 300 277 364; x_wconf 78' lang='grc'>40</span> <span class='ocrx_word' id='word_1_3' title='bbox 689 320 767 365; x_wconf 74' lang='lat' dir='ltr'>rias</span> <span class='ocrx_word' id='word_1_4' title='bbox 791 319 896 366; x_wconf 80' lang='lat' dir='ltr'>emon.</span> 
     </span>
    </p>
   </div>
   <div class='ocr_carea' id='block_1_2' title="bbox 122 492 1418 4231">
    <p class='ocr_par' dir='ltr' id='par_1_2' title="bbox 122 492 1363 1633">
     <span class='ocr_line' id='line_1_2' title="bbox 234 492 1358 582; baseline -0.002 -22"><span class='ocrx_word' id='word_1_5' title='bbox 234 494 384 576; x_wconf 90' lang='lat' dir='ltr'>videtur,</span> <span class='ocrx_word' id='word_1_6' title='bbox 408 534 453 543; x_wconf 93' lang='grc'>-</span> <span class='ocrx_word' id='word_1_7' title='bbox 476 494 523 560; x_wconf 92' lang='lat' dir='ltr'>ita</span> <span class='ocrx_word' id='word_1_8' title='bbox 547 497 581 559; x_wconf 91' lang='lat' dir='ltr'>et</span> <span class='ocrx_word' id='word_1_9' title='bbox 608 493 642 559; x_wconf 90' lang='lat' dir='ltr'>in</span> <span class='ocrx_word' id='word_1_10' title='bbox 667 497 825 582; x_wconf 79' lang='lat' dir='ltr'>poemate</span> <span class='ocrx_word' id='word_1_11' title='bbox 850 515 1146 582; x_wconf 87' lang='lat' dir='ltr'>supervacaneum</span> <span class='ocrx_word' id='word_1_12' title='bbox 1178 492 1358 582; x_wconf 83' lang='lat' dir='ltr'><strong>quoddam</strong></span> 
     </span>
     <span class='ocr_line' id='line_1_3' title="bbox 207 599 1357 693; baseline -0.003 -24"><span class='ocrx_word' id='word_1_13' title='bbox 207 611 374 693; x_wconf 45' lang='grc' dir='ltr'>,πάρεργον</span> <span class='ocrx_word' id='word_1_14' title='bbox 409 599 567 688; x_wconf 86' lang='lat' dir='ltr'>ejusdem</span> <span class='ocrx_word' id='word_1_15' title='bbox 599 601 725 666; x_wconf 90' lang='lat' dir='ltr'>amoris</span> <span class='ocrx_word' id='word_1_16' title='bbox 765 600 916 665; x_wconf 89' lang='lat' dir='ltr'>narratio</span> <span class='ocrx_word' id='word_1_17' title='bbox 956 601 1148 667; x_wconf 89' lang='lat' dir='ltr'>necessario</span> <span class='ocrx_word' id='word_1_18' title='bbox 1181 599 1357 666; x_wconf 81' lang='lat' dir='ltr'>videatur.</span> 
     </span>
     <span class='ocr_line' id='line_1_4' title="bbox 176 707 1359 797; baseline -0.003 -22"><span class='ocrx_word' id='word_1_19' title='bbox 176 762 179 767; x_wconf 90' lang='lat'><em>.</em></span> <span class='ocrx_word' id='word_1_20' title='bbox 235 709 332 775; x_wconf 89' lang='lat' dir='ltr'>Hanc</span> <span class='ocrx_word' id='word_1_21' title='bbox 360 708 405 774; x_wconf 92' lang='lat' dir='ltr'>ob</span> <span class='ocrx_word' id='word_1_22' title='bbox 441 730 580 797; x_wconf 86' lang='lat' dir='ltr'>causam</span> <span class='ocrx_word' id='word_1_23' title='bbox 618 707 713 773; x_wconf 91' lang='lat' dir='ltr'>haud</span> <span class='ocrx_word' id='word_1_24' title='bbox 745 708 918 773; x_wconf 90' lang='lat' dir='ltr'>immerito</span> <span class='ocrx_word' id='word_1_25' title='bbox 947 708 1122 790; x_wconf 78' lang='lat' dir='ltr'><strong>miramur,</strong></span> <span class='ocrx_word' id='word_1_26' title='bbox 1153 708 1183 774; x_wconf 93' lang='lat' dir='ltr'>si</span> <span class='ocrx_word' id='word_1_27' title='bbox 1215 707 1359 797; x_wconf 87' lang='lat' dir='ltr'>quando</span> 
     </span>
     <span class='ocr_line' id='line_1_5' title="bbox 234 813 1360 907; baseline -0.003 -24"><span class='ocrx_word' id='word_1_28' title='bbox 234 817 493 907; x_wconf 79' lang='lat' dir='ltr'>compositionis</span> <span class='ocrx_word' id='word_1_29' title='bbox 513 817 680 881; x_wconf 88' lang='lat' dir='ltr'>rationem</span> <span class='ocrx_word' id='word_1_30' title='bbox 707 815 857 880; x_wconf 79' lang='lat' dir='ltr'>strictius</span> <span class='ocrx_word' id='word_1_31' title='bbox 882 813 1148 905; x_wconf 85' lang='lat' dir='ltr'>perpendimus,</span> <span class='ocrx_word' id='word_1_32' title='bbox 1179 820 1251 880; x_wconf 91' lang='lat' dir='ltr'>tam</span> <span class='ocrx_word' id='word_1_33' title='bbox 1283 814 1360 880; x_wconf 90' lang='lat' dir='ltr'>lon-</span> 
     </span>
     <span class='ocr_line' id='line_1_6' title="bbox 216 921 914 1010; baseline -0.001 -20"><span class='ocrx_word' id='word_1_34' title='bbox 216 921 315 1010; x_wconf 90' lang='lat' dir='ltr'>gam</span> <span class='ocrx_word' id='word_1_35' title='bbox 334 945 409 990; x_wconf 93' lang='lat' dir='ltr'>esse</span> <span class='ocrx_word' id='word_1_36' title='bbox 429 923 581 990; x_wconf 80' lang='lat' dir='ltr'>tantulae</span> <span class='ocrx_word' id='word_1_37' title='bbox 600 923 651 988; x_wconf 90' lang='lat' dir='ltr'>rei</span> <span class='ocrx_word' id='word_1_38' title='bbox 671 922 914 989; x_wconf 88' lang='lat' dir='ltr'>narrationem.</span> 
     </span>
     <span class='ocr_line' id='line_1_7' title="bbox 122 1016 1360 1118; baseline -0.002 -22"><span class='ocrx_word' id='word_1_39' title='bbox 122 1016 124 1027; x_wconf 46' lang='lat'><strong>⁴</strong></span> <span class='ocrx_word' id='word_1_40' title='bbox 279 1030 332 1096; x_wconf 78' lang='lat' dir='ltr'>An</span> <span class='ocrx_word' id='word_1_41' title='bbox 363 1053 443 1096; x_wconf 91' lang='lat' dir='ltr'>vero</span> <span class='ocrx_word' id='word_1_42' title='bbox 474 1030 596 1096; x_wconf 88' lang='lat' dir='ltr'>melius</span> <span class='ocrx_word' id='word_1_43' title='bbox 622 1029 781 1095; x_wconf 88' lang='lat' dir='ltr'>contendi</span> <span class='ocrx_word' id='word_1_44' title='bbox 810 1034 941 1118; x_wconf 89' lang='lat' dir='ltr'>potest,</span> <span class='ocrx_word' id='word_1_45' title='bbox 970 1028 1104 1095; x_wconf 90' lang='lat' dir='ltr'>tamdiu</span> <span class='ocrx_word' id='word_1_46' title='bbox 1130 1034 1208 1094; x_wconf 90' lang='lat' dir='ltr'>ante</span> <span class='ocrx_word' id='word_1_47' title='bbox 1238 1029 1360 1096; x_wconf 91' lang='lat' dir='ltr'>oculos</span> 
     </span>
     <span class='ocr_line' id='line_1_8' title="bbox 234 1135 1361 1226; baseline 0 -24"><span class='ocrx_word' id='word_1_48' title='bbox 234 1137 424 1224; x_wconf 88' lang='lat' dir='ltr'>legentium</span> <span class='ocrx_word' id='word_1_49' title='bbox 448 1138 595 1213; x_wconf 88' lang='lat' dir='ltr'>versari,</span> <span class='ocrx_word' id='word_1_50' title='bbox 623 1137 757 1203; x_wconf 89' lang='lat' dir='ltr'>volente</span> <span class='ocrx_word' id='word_1_51' title='bbox 795 1142 913 1226; x_wconf 90' lang='lat' dir='ltr'>poeta,</span> <span class='ocrx_word' id='word_1_52' title='bbox 951 1135 1138 1220; x_wconf 83' lang='lat' dir='ltr'>Didonem,</span> <span class='ocrx_word' id='word_1_53' title='bbox 1172 1142 1361 1226; x_wconf 88' lang='lat' dir='ltr'>propterea</span> 
     </span>
     <span class='ocr_line' id='line_1_9' title="bbox 235 1242 1361 1335; baseline -0.001 -24"><span class='ocrx_word' id='word_1_54' title='bbox 235 1244 331 1335; x_wconf 92' lang='lat' dir='ltr'>quod</span> <span class='ocrx_word' id='word_1_55' title='bbox 344 1243 587 1330; x_wconf 84' lang='lat' dir='ltr'>Carthaginem</span> <span class='ocrx_word' id='word_1_56' title='bbox 606 1243 811 1328; x_wconf 84' lang='lat' dir='ltr'>condiderit,</span> <span class='ocrx_word' id='word_1_57' title='bbox 828 1245 991 1311; x_wconf 91' lang='lat' dir='ltr'>nimirum</span> <span class='ocrx_word' id='word_1_58' title='bbox 1007 1242 1273 1311; x_wconf 88' lang='lat' dir='ltr'>recordantibus</span> <span class='ocrx_word' id='word_1_59' title='bbox 1288 1242 1361 1310; x_wconf 89' lang='lat' dir='ltr'>R‘o-</span> 
     </span>
     <span class='ocr_line' id='line_1_10' title="bbox 235 1349 1363 1440; baseline -0.001 -22"><span class='ocrx_word' id='word_1_60' title='bbox 235 1353 345 1419; x_wconf 86' lang='lat' dir='ltr'>manis</span> <span class='ocrx_word' id='word_1_61' title='bbox 365 1375 433 1417; x_wconf 92' lang='lat' dir='ltr'>non</span> <span class='ocrx_word' id='word_1_62' title='bbox 453 1356 524 1417; x_wconf 92' lang='lat' dir='ltr'>tam</span> <span class='ocrx_word' id='word_1_63' title='bbox 543 1351 634 1417; x_wconf 92' lang='lat' dir='ltr'>illius</span> <span class='ocrx_word' id='word_1_64' title='bbox 655 1373 730 1417; x_wconf 92' lang='lat' dir='ltr'>cum</span> <span class='ocrx_word' id='word_1_65' title='bbox 752 1352 871 1417; x_wconf 84' lang='lat' dir='ltr'>Aenea</span> <span class='ocrx_word' id='word_1_66' title='bbox 890 1373 1061 1433; x_wconf 89' lang='lat' dir='ltr'>amorem,</span> <span class='ocrx_word' id='word_1_67' title='bbox 1085 1373 1189 1440; x_wconf 90' lang='lat' dir='ltr'>quam</span> <span class='ocrx_word' id='word_1_68' title='bbox 1215 1349 1363 1417; x_wconf 88' lang='lat' dir='ltr'>Cartha-</span> 
     </span>
     <span class='ocr_line' id='line_1_11' title="bbox 234 1451 1360 1547; baseline 0 -23"><span class='ocrx_word' id='word_1_69' title='bbox 234 1459 337 1545; x_wconf 81' lang='lat' dir='ltr'>ginis,</span> <span class='ocrx_word' id='word_1_70' title='bbox 368 1481 389 1524; x_wconf 92' lang='lat' dir='ltr'>a</span> <span class='ocrx_word' id='word_1_71' title='bbox 416 1457 548 1524; x_wconf 88' lang='lat' dir='ltr'>Didone</span> <span class='ocrx_word' id='word_1_72' title='bbox 576 1463 683 1541; x_wconf 87' lang='lat' dir='ltr'>ortae,</span> <span class='ocrx_word' id='word_1_73' title='bbox 714 1459 855 1544; x_wconf 87' lang='lat' dir='ltr'>longam</span> <span class='ocrx_word' id='word_1_74' title='bbox 884 1463 1131 1547; x_wconf 89' lang='lat' dir='ltr'>cruentamque</span> <span class='ocrx_word' id='word_1_75' title='bbox 1160 1451 1239 1524; x_wconf 91' lang='lat' dir='ltr'>cum</span> <span class='ocrx_word' id='word_1_76' title='bbox 1263 1457 1360 1524; x_wconf 92' lang='lat' dir='ltr'>Urbe</span> 
     </span>
     <span class='ocr_line' id='line_1_12' title="bbox 236 1566 527 1633; baseline -0.007 -2"><span class='ocrx_word' id='word_1_77' title='bbox 236 1566 527 1633; x_wconf 82' lang='lat' dir='ltr'>aemulationem?</span> 
     </span>
    </p>

    <p class='ocr_par' dir='ltr' id='par_1_3' title="bbox 232 1672 1362 3259">
     <span class='ocr_line' id='line_1_13' title="bbox 278 1672 1360 1764; baseline -0.001 -25"><span class='ocrx_word' id='word_1_78' title='bbox 278 1674 388 1739; x_wconf 89' lang='lat' dir='ltr'>Nobis</span> <span class='ocrx_word' id='word_1_79' title='bbox 408 1696 489 1743; x_wconf 89' lang='lat' dir='ltr'>sane</span> <span class='ocrx_word' id='word_1_80' title='bbox 513 1696 582 1740; x_wconf 90' lang='lat' dir='ltr'>non</span> <span class='ocrx_word' id='word_1_81' title='bbox 608 1679 792 1764; x_wconf 87' lang='lat' dir='ltr'>supersunt</span> <span class='ocrx_word' id='word_1_82' title='bbox 819 1672 914 1756; x_wconf 91' lang='lat' dir='ltr'>odia,</span> <span class='ocrx_word' id='word_1_83' title='bbox 944 1696 1032 1762; x_wconf 93' lang='lat' dir='ltr'>quae</span> <span class='ocrx_word' id='word_1_84' title='bbox 1059 1674 1113 1739; x_wconf 92' lang='lat' dir='ltr'>vel</span> <span class='ocrx_word' id='word_1_85' title='bbox 1140 1674 1244 1740; x_wconf 89' lang='lat' dir='ltr'>etiam</span> <span class='ocrx_word' id='word_1_86' title='bbox 1263 1673 1360 1764; x_wconf 92' lang='lat' dir='ltr'>apud</span> 
     </span>
     <span class='ocr_line' id='line_1_14' title="bbox 234 1781 1359 1871; baseline 0.001 -25"><span class='ocrx_word' id='word_1_87' title='bbox 234 1781 383 1867; x_wconf 79' lang='lat' dir='ltr'>Augusti</span> <span class='ocrx_word' id='word_1_88' title='bbox 403 1782 566 1871; x_wconf 87' lang='lat' dir='ltr'>aequales</span> <span class='ocrx_word' id='word_1_89' title='bbox 595 1781 767 1847; x_wconf 90' lang='lat' dir='ltr'>Romanos</span> <span class='ocrx_word' id='word_1_90' title='bbox 804 1804 839 1847; x_wconf 89' lang='lat' dir='ltr'>se</span> <span class='ocrx_word' id='word_1_91' title='bbox 867 1782 1112 1848; x_wconf 88' lang='lat' dir='ltr'>suscitaturum</span> <span class='ocrx_word' id='word_1_92' title='bbox 1135 1781 1214 1868; x_wconf 84' lang='lat' dir='ltr'>jure</span> <span class='ocrx_word' id='word_1_93' title='bbox 1240 1782 1359 1848; x_wconf 90' lang='lat' dir='ltr'>forsan</span> 
     </span>
     <span class='ocr_line' id='line_1_15' title="bbox 236 1888 1360 1980; baseline 0 -26"><span class='ocrx_word' id='word_1_94' title='bbox 236 1911 376 1978; x_wconf 90' lang='lat' dir='ltr'>sperare</span> <span class='ocrx_word' id='word_1_95' title='bbox 404 1890 557 1980; x_wconf 90' lang='lat' dir='ltr'>potuerit</span> <span class='ocrx_word' id='word_1_96' title='bbox 583 1889 783 1978; x_wconf 81' lang='lat' dir='ltr'>Vergilius3</span> <span class='ocrx_word' id='word_1_97' title='bbox 813 1888 1037 1955; x_wconf 91' lang='lat' dir='ltr'>nihilominus</span> <span class='ocrx_word' id='word_1_98' title='bbox 1070 1894 1185 1955; x_wconf 90' lang='lat' dir='ltr'>tamen</span> <span class='ocrx_word' id='word_1_99' title='bbox 1221 1890 1360 1978; x_wconf 89' lang='lat' dir='ltr'>opinari</span> 
     </span>
     <span class='ocr_line' id='line_1_16' title="bbox 233 1995 1360 2086; baseline 0.001 -25"><span class='ocrx_word' id='word_1_100' title='bbox 233 1996 326 2080; x_wconf 91' lang='lat' dir='ltr'>licet,</span> <span class='ocrx_word' id='word_1_101' title='bbox 339 2019 464 2086; x_wconf 90' lang='lat' dir='ltr'>parum</span> <span class='ocrx_word' id='word_1_102' title='bbox 481 1997 686 2063; x_wconf 92' lang='lat' dir='ltr'>invidiosam</span> <span class='ocrx_word' id='word_1_103' title='bbox 705 1997 811 2064; x_wconf 81' lang='lat' dir='ltr'>luisse</span> <span class='ocrx_word' id='word_1_104' title='bbox 831 2002 889 2062; x_wconf 91' lang='lat' dir='ltr'>aut</span> <span class='ocrx_word' id='word_1_105' title='bbox 908 1995 1146 2063; x_wconf 90' lang='lat' dir='ltr'>detestandam</span> <span class='ocrx_word' id='word_1_106' title='bbox 1163 1996 1216 2062; x_wconf 93' lang='lat' dir='ltr'>vel</span> <span class='ocrx_word' id='word_1_107' title='bbox 1233 1997 1360 2062; x_wconf 89' lang='lat' dir='ltr'>Roma-</span> 
     </span>
     <span class='ocr_line' id='line_1_17' title="bbox 235 2103 1359 2193; baseline 0.001 -24"><span class='ocrx_word' id='word_1_108' title='bbox 235 2104 288 2170; x_wconf 92' lang='lat' dir='ltr'>nis</span> <span class='ocrx_word' id='word_1_109' title='bbox 308 2105 440 2192; x_wconf 85' lang='lat' dir='ltr'>patriae</span> <span class='ocrx_word' id='word_1_110' title='bbox 461 2126 542 2171; x_wconf 92' lang='lat' dir='ltr'>suae</span> <span class='ocrx_word' id='word_1_111' title='bbox 563 2105 807 2175; x_wconf 86' lang='lat' dir='ltr'>amantissimis</span> <span class='ocrx_word' id='word_1_112' title='bbox 826 2103 1025 2184; x_wconf 89' lang='lat' dir='ltr'>lectoribus,</span> <span class='ocrx_word' id='word_1_113' title='bbox 1042 2104 1138 2170; x_wconf 90' lang='lat' dir='ltr'>illam</span> <span class='ocrx_word' id='word_1_114' title='bbox 1154 2105 1253 2193; x_wconf 91' lang='lat' dir='ltr'>quasi</span> <span class='ocrx_word' id='word_1_115' title='bbox 1268 2103 1359 2190; x_wconf 88' lang='lat' dir='ltr'>figu-</span> 
     </span>
     <span class='ocr_line' id='line_1_18' title="bbox 235 2209 1359 2300; baseline 0 -24"><span class='ocrx_word' id='word_1_116' title='bbox 235 2232 311 2276; x_wconf 90' lang='lat' dir='ltr'>ram</span> <span class='ocrx_word' id='word_1_117' title='bbox 330 2209 547 2298; x_wconf 81' lang='lat' dir='ltr'>Carthaginis</span> <span class='ocrx_word' id='word_1_118' title='bbox 567 2233 671 2300; x_wconf 89' lang='lat' dir='ltr'>quam</span> <span class='ocrx_word' id='word_1_119' title='bbox 693 2213 728 2277; x_wconf 90' lang='lat' dir='ltr'>in</span> <span class='ocrx_word' id='word_1_120' title='bbox 748 2234 784 2280; x_wconf 89' lang='lat' dir='ltr'>se</span> <span class='ocrx_word' id='word_1_121' title='bbox 804 2211 932 2277; x_wconf 88' lang='lat' dir='ltr'>misera</span> <span class='ocrx_word' id='word_1_122' title='bbox 953 2217 1056 2300; x_wconf 91' lang='lat' dir='ltr'>atque</span> <span class='ocrx_word' id='word_1_123' title='bbox 1081 2210 1239 2276; x_wconf 91' lang='lat' dir='ltr'>amabilis</span> <span class='ocrx_word' id='word_1_124' title='bbox 1266 2209 1359 2276; x_wconf 89' lang='lat' dir='ltr'>Dido</span> 
     </span>
     <span class='ocr_line' id='line_1_19' title="bbox 235 2316 1359 2408; baseline 0.002 -25"><span class='ocrx_word' id='word_1_125' title='bbox 235 2317 448 2386; x_wconf 84' lang='lat' dir='ltr'>referebat..</span> <span class='ocrx_word' id='word_1_126' title='bbox 484 2316 521 2385; x_wconf 85' lang='lat' dir='ltr'>Si</span> <span class='ocrx_word' id='word_1_127' title='bbox 551 2318 634 2408; x_wconf 93' lang='lat' dir='ltr'>quid</span> <span class='ocrx_word' id='word_1_128' title='bbox 664 2318 905 2405; x_wconf 87' lang='lat' dir='ltr'>hujuscemodi</span> <span class='ocrx_word' id='word_1_129' title='bbox 934 2317 1106 2403; x_wconf 89' lang='lat' dir='ltr'>Vergilius</span> <span class='ocrx_word' id='word_1_130' title='bbox 1138 2317 1204 2383; x_wconf 92' lang='lat' dir='ltr'>sibi</span> <span class='ocrx_word' id='word_1_131' title='bbox 1233 2339 1359 2385; x_wconf 89' lang='lat' dir='ltr'>revera</span> 
     </span>
     <span class='ocr_line' id='line_1_20' title="bbox 233 2424 1358 2516; baseline -0.001 -26"><span class='ocrx_word' id='word_1_132' title='bbox 233 2427 489 2515; x_wconf 88' lang='lat' dir='ltr'>proposuisset,</span> <span class='ocrx_word' id='word_1_133' title='bbox 530 2447 826 2516; x_wconf 89' lang='lat' dir='ltr'>supervacaneum</span> <span class='ocrx_word' id='word_1_134' title='bbox 862 2427 984 2491; x_wconf 91' lang='lat' dir='ltr'>merito</span> <span class='ocrx_word' id='word_1_135' title='bbox 1013 2424 1207 2494; x_wconf 89' lang='lat' dir='ltr'>diceremus</span> <span class='ocrx_word' id='word_1_136' title='bbox 1243 2425 1358 2513; x_wconf 92' lang='lat' dir='ltr'>quod-</span> 
     </span>
     <span class='ocr_line' id='line_1_21' title="bbox 235 2530 1359 2622; baseline -0.001 -25"><span class='ocrx_word' id='word_1_137' title='bbox 235 2554 382 2622; x_wconf 90' lang='lat' dir='ltr'>cumque</span> <span class='ocrx_word' id='word_1_138' title='bbox 404 2533 439 2598; x_wconf 91' lang='lat' dir='ltr'>in</span> <span class='ocrx_word' id='word_1_139' title='bbox 458 2533 583 2622; x_wconf 83' lang='lat' dir='ltr'>prime,</span> <span class='ocrx_word' id='word_1_140' title='bbox 602 2539 724 2622; x_wconf 86' lang='lat' dir='ltr'>quarto</span> <span class='ocrx_word' id='word_1_141' title='bbox 745 2538 909 2620; x_wconf 85' lang='lat' dir='ltr'>sextoque</span> <span class='ocrx_word' id='word_1_142' title='bbox 929 2530 1019 2597; x_wconf 92' lang='lat' dir='ltr'>libro</span> <span class='ocrx_word' id='word_1_143' title='bbox 1039 2530 1124 2596; x_wconf 90' lang='lat' dir='ltr'>nihil</span> <span class='ocrx_word' id='word_1_144' title='bbox 1140 2530 1231 2596; x_wconf 92' lang='lat' dir='ltr'>aliud</span> <span class='ocrx_word' id='word_1_145' title='bbox 1250 2553 1359 2619; x_wconf 87' lang='lat' dir='ltr'>quam</span> 
     </span>
     <span class='ocr_line' id='line_1_22' title="bbox 232 2625 1358 2726; baseline 0 -23"><span class='ocrx_word' id='word_1_146' title='bbox 232 2639 422 2724; x_wconf 88' lang='lat' dir='ltr'>legentium</span> <span class='ocrx_word' id='word_1_147' title='bbox 459 2625 732 2705; x_wconf 86' lang='lat' dir='ltr'>misericordiam</span> <span class='ocrx_word' id='word_1_148' title='bbox 767 2637 891 2704; x_wconf 88' lang='lat' dir='ltr'>Didoni</span> <span class='ocrx_word' id='word_1_149' title='bbox 933 2638 1112 2719; x_wconf 71' lang='lat' dir='ltr'>conciliat,</span> <span class='ocrx_word' id='word_1_150' title='bbox 1152 2638 1186 2702; x_wconf 93' lang='lat' dir='ltr'>in</span> <span class='ocrx_word' id='word_1_151' title='bbox 1230 2645 1358 2726; x_wconf 90' lang='lat' dir='ltr'>quarto</span> 
     </span>
     <span class='ocr_line' id='line_1_23' title="bbox 232 2745 1360 2836; baseline -0.001 -25"><span class='ocrx_word' id='word_1_152' title='bbox 232 2767 358 2836; x_wconf 89' lang='lat' dir='ltr'>nempe</span> <span class='ocrx_word' id='word_1_153' title='bbox 377 2747 484 2828; x_wconf 87' lang='lat' dir='ltr'>libro,</span> <span class='ocrx_word' id='word_1_154' title='bbox 506 2747 616 2812; x_wconf 89' lang='lat' dir='ltr'>omnis</span> <span class='ocrx_word' id='word_1_155' title='bbox 635 2745 779 2812; x_wconf 87' lang='lat' dir='ltr'>Didonis</span> <span class='ocrx_word' id='word_1_156' title='bbox 800 2746 904 2811; x_wconf 88' lang='lat' dir='ltr'>vitam</span> <span class='ocrx_word' id='word_1_157' title='bbox 924 2745 1107 2811; x_wconf 88' lang='lat' dir='ltr'>relicturae</span> <span class='ocrx_word' id='word_1_158' title='bbox 1127 2745 1279 2810; x_wconf 85' lang='lat' dir='ltr'>narratio</span> <span class='ocrx_word' id='word_1_159' title='bbox 1300 2768 1360 2831; x_wconf 84' lang='lat' dir='ltr'>re-</span> 
     </span>
     <span class='ocr_line' id='line_1_24' title="bbox 232 2847 1361 2943; baseline 0.001 -26"><span class='ocrx_word' id='word_1_160' title='bbox 232 2852 416 2935; x_wconf 90' lang='lat' dir='ltr'>dundaret,</span> <span class='ocrx_word' id='word_1_161' title='bbox 434 2876 546 2943; x_wconf 90' lang='lat' dir='ltr'>neque</span> <span class='ocrx_word' id='word_1_162' title='bbox 567 2853 711 2919; x_wconf 90' lang='lat' dir='ltr'>ulterius</span> <span class='ocrx_word' id='word_1_163' title='bbox 726 2852 891 2943; x_wconf 88' lang='lat' dir='ltr'>progredi</span> <span class='ocrx_word' id='word_1_164' title='bbox 903 2852 993 2918; x_wconf 89' lang='lat' dir='ltr'>liber</span> <span class='ocrx_word' id='word_1_165' title='bbox 1007 2853 1071 2918; x_wconf 91' lang='lat' dir='ltr'>iste</span> <span class='ocrx_word' id='word_1_166' title='bbox 1083 2847 1243 2932; x_wconf 89' lang='lat' dir='ltr'>deberet,</span> <span class='ocrx_word' id='word_1_167' title='bbox 1262 2857 1361 2941; x_wconf 90' lang='lat' dir='ltr'>post-</span> 
     </span>
     <span class='ocr_line' id='line_1_25' title="bbox 233 2958 1362 3050; baseline 0.001 -25"><span class='ocrx_word' id='word_1_168' title='bbox 233 2982 337 3049; x_wconf 90' lang='lat' dir='ltr'>quam</span> <span class='ocrx_word' id='word_1_169' title='bbox 357 2961 445 3027; x_wconf 87' lang='lat' dir='ltr'>Dido</span> <span class='ocrx_word' id='word_1_170' title='bbox 465 2962 594 3028; x_wconf 91' lang='lat' dir='ltr'>Romae</span> <span class='ocrx_word' id='word_1_171' title='bbox 614 2961 749 3027; x_wconf 84' lang='lat' dir='ltr'>futurae</span> <span class='ocrx_word' id='word_1_172' title='bbox 770 2960 863 3025; x_wconf 92' lang='lat' dir='ltr'>diras</span> <span class='ocrx_word' id='word_1_173' title='bbox 883 2964 1024 3050; x_wconf 88' lang='lat' dir='ltr'>precata</span> <span class='ocrx_word' id='word_1_174' title='bbox 1048 2964 1132 3026; x_wconf 88' lang='lat' dir='ltr'>est¹.</span> <span class='ocrx_word' id='word_1_175' title='bbox 1156 2958 1231 3024; x_wconf 88' lang='lat' dir='ltr'>Non</span> <span class='ocrx_word' id='word_1_176' title='bbox 1250 2959 1362 3044; x_wconf 87' lang='lat' dir='ltr'>igitur</span> 
     </span>
     <span class='ocr_line' id='line_1_26' title="bbox 234 3065 1359 3158; baseline 0.003 -26"><span class='ocrx_word' id='word_1_177' title='bbox 234 3068 424 3133; x_wconf 89' lang='lat' dir='ltr'>Romanam</span> <span class='ocrx_word' id='word_1_178' title='bbox 446 3070 496 3158; x_wconf 82' lang='lat' dir='ltr'>(ut</span> <span class='ocrx_word' id='word_1_179' title='bbox 514 3070 563 3135; x_wconf 93' lang='lat' dir='ltr'>ita</span> <span class='ocrx_word' id='word_1_180' title='bbox 582 3068 707 3157; x_wconf 87' lang='lat' dir='ltr'>dicam)</span> <span class='ocrx_word' id='word_1_181' title='bbox 725 3067 770 3134; x_wconf 92' lang='lat' dir='ltr'>ob</span> <span class='ocrx_word' id='word_1_182' title='bbox 788 3089 926 3134; x_wconf 91' lang='lat' dir='ltr'>causam</span> <span class='ocrx_word' id='word_1_183' title='bbox 942 3073 1014 3133; x_wconf 91' lang='lat' dir='ltr'>tam</span> <span class='ocrx_word' id='word_1_184' title='bbox 1029 3066 1157 3132; x_wconf 91' lang='lat' dir='ltr'>multus</span> <span class='ocrx_word' id='word_1_185' title='bbox 1172 3067 1207 3132; x_wconf 94' lang='lat' dir='ltr'>in</span> <span class='ocrx_word' id='word_1_186' title='bbox 1222 3065 1359 3136; x_wconf 89' lang='lat' dir='ltr'>Didone</span> 
     </span>
     <span class='ocr_line' id='line_1_27' title="bbox 233 3173 504 3259; baseline -0.004 -18"><span class='ocrx_word' id='word_1_187' title='bbox 233 3173 408 3259; x_wconf 83' lang='lat' dir='ltr'>Vergilius</span> <span class='ocrx_word' id='word_1_188' title='bbox 428 3175 504 3241; x_wconf 83' lang='lat' dir='ltr'>fuit.</span> 
     </span>
    </p>

    <p class='ocr_par' dir='ltr' id='par_1_4' title="bbox 232 3279 1418 3478">
     <span class='ocr_line' id='line_1_28' title="bbox 277 3279 1356 3373; baseline 0.001 -27"><span class='ocrx_word' id='word_1_189' title='bbox 277 3281 399 3372; x_wconf 88' lang='lat' dir='ltr'>Neque</span> <span class='ocrx_word' id='word_1_190' title='bbox 424 3284 515 3349; x_wconf 91' lang='lat' dir='ltr'>euim</span> <span class='ocrx_word' id='word_1_191' title='bbox 540 3283 613 3349; x_wconf 90' lang='lat' dir='ltr'>ulla</span> <span class='ocrx_word' id='word_1_192' title='bbox 641 3283 763 3348; x_wconf 91' lang='lat' dir='ltr'>melior</span> <span class='ocrx_word' id='word_1_193' title='bbox 790 3283 893 3348; x_wconf 90' lang='lat' dir='ltr'>latius</span> <span class='ocrx_word' id='word_1_194' title='bbox 922 3281 1111 3373; x_wconf 89' lang='lat' dir='ltr'>productae</span> <span class='ocrx_word' id='word_1_195' title='bbox 1141 3279 1183 3346; x_wconf 90' lang='lat' dir='ltr'>de</span> <span class='ocrx_word' id='word_1_196' title='bbox 1209 3279 1356 3347; x_wconf 91' lang='lat' dir='ltr'>Didonis</span> 
     </span>
     <span class='ocr_line' id='line_1_29' title="bbox 232 3387 1418 3478; baseline -0.001 -23"><span class='ocrx_word' id='word_1_197' title='bbox 232 3388 337 3455; x_wconf 91' lang='lat' dir='ltr'>rebus</span> <span class='ocrx_word' id='word_1_198' title='bbox 360 3390 567 3456; x_wconf 89' lang='lat' dir='ltr'>narrationis</span> <span class='ocrx_word' id='word_1_199' title='bbox 592 3391 679 3456; x_wconf 90' lang='lat' dir='ltr'>ratio</span> <span class='ocrx_word' id='word_1_200' title='bbox 698 3389 798 3455; x_wconf 92' lang='lat' dir='ltr'>reddi</span> <span class='ocrx_word' id='word_1_201' title='bbox 821 3395 950 3478; x_wconf 88' lang='lat' dir='ltr'>potest,</span> <span class='ocrx_word' id='word_1_202' title='bbox 980 3410 1084 3478; x_wconf 91' lang='lat' dir='ltr'>quam</span> <span class='ocrx_word' id='word_1_203' title='bbox 1110 3388 1138 3454; x_wconf 95' lang='lat' dir='ltr'>si</span> <span class='ocrx_word' id='word_1_204' title='bbox 1161 3387 1356 3473; x_wconf 86' lang='lat' dir='ltr'>Vergilium</span> <span class='ocrx_word' id='word_1_205' title='bbox 1412 3459 1418 3469; x_wconf 55' lang='grc'>,</span> 
     </span>
    </p>

    <p class='ocr_par' dir='ltr' id='par_1_5' title="bbox 139 3494 1399 4231">
     <span class='ocr_line' id='line_1_30' title="bbox 139 3494 1355 3587; baseline -0.001 -25"><span class='ocrx_word' id='word_1_206' title='bbox 139 3578 141 3583; x_wconf 10' lang='lat' dir='ltr'>y</span> <span class='ocrx_word' id='word_1_207' title='bbox 231 3501 393 3586; x_wconf 91' lang='lat' dir='ltr'>putemus</span> <span class='ocrx_word' id='word_1_208' title='bbox 408 3496 513 3584; x_wconf 86' lang='lat' dir='ltr'>hujus</span> <span class='ocrx_word' id='word_1_209' title='bbox 533 3518 701 3587; x_wconf 90' lang='lat' dir='ltr'>personae</span> <span class='ocrx_word' id='word_1_210' title='bbox 722 3497 954 3586; x_wconf 90' lang='lat' dir='ltr'>descriptione</span> <span class='ocrx_word' id='word_1_211' title='bbox 975 3518 1049 3562; x_wconf 90' lang='lat' dir='ltr'>sese</span> <span class='ocrx_word' id='word_1_212' title='bbox 1069 3497 1183 3584; x_wconf 92' lang='lat' dir='ltr'>ipsum</span> <span class='ocrx_word' id='word_1_213' title='bbox 1203 3494 1355 3561; x_wconf 86' lang='lat' dir='ltr'>oblecta-</span> 
     </span>
     <span class='ocr_line' id='line_1_31' title="bbox 231 3593 1351 3691; baseline 0.001 -23"><span class='ocrx_word' id='word_1_214' title='bbox 231 3604 333 3673; x_wconf 86' lang='lat' dir='ltr'>vissc.</span> <span class='ocrx_word' id='word_1_215' title='bbox 356 3604 445 3671; x_wconf 91' lang='lat' dir='ltr'>Num</span> <span class='ocrx_word' id='word_1_216' title='bbox 466 3611 582 3671; x_wconf 88' lang='lat' dir='ltr'>autem</span> <span class='ocrx_word' id='word_1_217' title='bbox 601 3604 802 3670; x_wconf 90' lang='lat' dir='ltr'>incredibile</span> <span class='ocrx_word' id='word_1_218' title='bbox 816 3593 904 3669; x_wconf 90' lang='lat' dir='ltr'>illud</span> <span class='ocrx_word' id='word_1_219' title='bbox 919 3604 998 3669; x_wconf 85' lang='lat' dir='ltr'>est?</span> <span class='ocrx_word' id='word_1_220' title='bbox 1017 3601 1202 3691; x_wconf 90' lang='lat' dir='ltr'>Nunquam</span> <span class='ocrx_word' id='word_1_221' title='bbox 1212 3601 1351 3685; x_wconf 87' lang='lat' dir='ltr'>desunt,</span> 
     </span>
     <span class='ocr_line' id='line_1_32' title="bbox 231 3707 1354 3800; baseline -0.002 -25"><span class='ocrx_word' id='word_1_222' title='bbox 231 3715 269 3776; x_wconf 93' lang='lat' dir='ltr'>ut</span> <span class='ocrx_word' id='word_1_223' title='bbox 289 3711 423 3800; x_wconf 86' lang='lat' dir='ltr'>opinor,</span> <span class='ocrx_word' id='word_1_224' title='bbox 445 3713 536 3780; x_wconf 88' lang='lat' dir='ltr'>inter</span> <span class='ocrx_word' id='word_1_225' title='bbox 555 3712 713 3778; x_wconf 87' lang='lat' dir='ltr'>fictarum</span> <span class='ocrx_word' id='word_1_226' title='bbox 733 3733 850 3777; x_wconf 89' lang='lat' dir='ltr'>rerum</span> <span class='ocrx_word' id='word_1_227' title='bbox 870 3712 1067 3800; x_wconf 79' lang='lat' dir='ltr'>scriptoreS,</span> <span class='ocrx_word' id='word_1_228' title='bbox 1095 3709 1170 3797; x_wconf 92' lang='lat' dir='ltr'>qui,</span> <span class='ocrx_word' id='word_1_229' title='bbox 1199 3707 1354 3797; x_wconf 83' lang='lat' dir='ltr'>Pygma-</span> 
     </span>
     <span class='ocr_line' id='line_1_33' title="bbox 229 3816 1354 3910; baseline -0.001 -28"><span class='ocrx_word' id='word_1_230' title='bbox 229 3817 331 3884; x_wconf 90' lang='lat' dir='ltr'>lionis</span> <span class='ocrx_word' id='word_1_231' title='bbox 349 3819 469 3903; x_wconf 90' lang='lat' dir='ltr'>instar,</span> <span class='ocrx_word' id='word_1_232' title='bbox 491 3842 657 3910; x_wconf 87' lang='lat' dir='ltr'>personas</span> <span class='ocrx_word' id='word_1_233' title='bbox 677 3842 698 3886; x_wconf 93' lang='grc'>1</span> <span class='ocrx_word' id='word_1_234' title='bbox 718 3842 753 3884; x_wconf 93' lang='lat' dir='ltr'>se</span> <span class='ocrx_word' id='word_1_235' title='bbox 771 3823 903 3884; x_wconf 88' lang='lat' dir='ltr'>creatas</span> <span class='ocrx_word' id='word_1_236' title='bbox 923 3816 1039 3883; x_wconf 86' lang='lat' dir='ltr'>vivido</span> <span class='ocrx_word' id='word_1_237' title='bbox 1058 3816 1211 3906; x_wconf 90' lang='lat' dir='ltr'>quodam</span> <span class='ocrx_word' id='word_1_238' title='bbox 1234 3837 1354 3882; x_wconf 92' lang='lat' dir='ltr'>amore</span> 
     </span>
     <span class='ocr_line' id='line_1_34' title="bbox 230 3921 1399 4016; baseline -0.001 -26"><span class='ocrx_word' id='word_1_239' title='bbox 230 3926 516 4015; x_wconf 88' lang='lat' dir='ltr'>complectantur.</span> <span class='ocrx_word' id='word_1_240' title='bbox 539 3926 608 3994; x_wconf 87' lang='lat' dir='ltr'>Sed</span> <span class='ocrx_word' id='word_1_241' title='bbox 622 3949 736 4016; x_wconf 90' lang='lat' dir='ltr'>neque</span> <span class='ocrx_word' id='word_1_242' title='bbox 757 3925 880 3991; x_wconf 89' lang='lat' dir='ltr'>desunt</span> <span class='ocrx_word' id='word_1_243' title='bbox 899 3927 933 3990; x_wconf 90' lang='lat' dir='ltr'>in</span> <span class='ocrx_word' id='word_1_244' title='bbox 953 3923 1106 3990; x_wconf 88' lang='lat' dir='ltr'>Aeneide</span> <span class='ocrx_word' id='word_1_245' title='bbox 1122 3922 1241 4006; x_wconf 86' lang='lat' dir='ltr'>verba,</span> <span class='ocrx_word' id='word_1_246' title='bbox 1261 3921 1354 3990; x_wconf 89' lang='lat' dir='ltr'>Ver·</span> <span class='ocrx_word' id='word_1_247' title='bbox 1390 3966 1399 3976; x_wconf 87' lang='lat'><strong>·</strong></span> 
     </span>
     <span class='ocr_line' id='line_1_35' title="bbox 230 4031 1351 4121; baseline -0.002 -23"><span class='ocrx_word' id='word_1_248' title='bbox 230 4033 352 4118; x_wconf 85' lang='lat' dir='ltr'>gilium</span> <span class='ocrx_word' id='word_1_249' title='bbox 373 4056 393 4099; x_wconf 93' lang='grc'>1</span> <span class='ocrx_word' id='word_1_250' title='bbox 412 4033 546 4101; x_wconf 91' lang='lat' dir='ltr'>Didone</span> <span class='ocrx_word' id='word_1_251' title='bbox 566 4057 629 4100; x_wconf 91' lang='lat' dir='ltr'>sua</span> <span class='ocrx_word' id='word_1_252' title='bbox 647 4038 858 4101; x_wconf 88' lang='lat' dir='ltr'>commotum</span> <span class='ocrx_word' id='word_1_253' title='bbox 879 4039 912 4097; x_wconf 90' lang='lat' dir='ltr'>et</span> <span class='ocrx_word' id='word_1_254' title='bbox 931 4033 1045 4121; x_wconf 89' lang='lat' dir='ltr'>ipsum</span> <span class='ocrx_word' id='word_1_255' title='bbox 1054 4032 1160 4098; x_wconf 84' lang='lat' dir='ltr'>fuisse</span> <span class='ocrx_word' id='word_1_256' title='bbox 1175 4031 1351 4114; x_wconf 89' lang='lat' dir='ltr'>testantia,</span> 
     </span>
     <span class='ocr_line' id='line_1_36' title="bbox 231 4120 1349 4231; baseline 0 -28"><span class='ocrx_word' id='word_1_257' title='bbox 231 4140 301 4205; x_wconf 92' lang='lat' dir='ltr'>sive</span> <span class='ocrx_word' id='word_1_258' title='bbox 322 4163 401 4206; x_wconf 91' lang='lat' dir='ltr'>cum</span> <span class='ocrx_word' id='word_1_259' title='bbox 421 4141 495 4229; x_wconf 85' lang='lat' dir='ltr'>ejus</span> <span class='ocrx_word' id='word_1_260' title='bbox 516 4143 655 4231; x_wconf 91' lang='lat' dir='ltr'>culpam</span> <span class='ocrx_word' id='word_1_261' title='bbox 675 4141 774 4229; x_wconf 90' lang='lat' dir='ltr'>quasi</span> <span class='ocrx_word' id='word_1_262' title='bbox 795 4145 948 4205; x_wconf 89' lang='lat' dir='ltr'>coactam</span> <span class='ocrx_word' id='word_1_263' title='bbox 968 4161 1007 4205; x_wconf 89' lang='lat' dir='ltr'>ac</span> <span class='ocrx_word' id='word_1_264' title='bbox 1030 4138 1170 4204; x_wconf 87' lang='lat' dir='ltr'>fatalem</span> <span class='ocrx_word' id='word_1_265' title='bbox 1196 4120 1349 4223; x_wconf 80' lang='lat' dir='ltr'>excusat,</span> 
     </span>
    </p>
   </div>
   <div class='ocr_carea' id='block_1_3' title="bbox 264 4387 1206 4456">
    <p class='ocr_par' dir='ltr' id='par_1_6' title="bbox 264 4387 1206 4456">
     <span class='ocr_line' id='line_1_37' title="bbox 264 4387 1206 4456; baseline -0.001 -17"><span class='ocrx_word' id='word_1_266' title='bbox 264 4390 286 4442; x_wconf 87' lang='lat'>1.</span> <span class='ocrx_word' id='word_1_267' title='bbox 305 4390 372 4440; x_wconf 85' lang='lat' dir='ltr'>Tunc</span> <span class='ocrx_word' id='word_1_268' title='bbox 387 4396 465 4441; x_wconf 84' lang='lat' dir='ltr'>autem</span> <span class='ocrx_word' id='word_1_269' title='bbox 480 4392 545 4441; x_wconf 88' lang='lat' dir='ltr'>circa</span> <span class='ocrx_word' id='word_1_270' title='bbox 559 4405 656 4442; x_wconf 76' lang='lat' dir='ltr'>versum</span> <span class='ocrx_word' id='word_1_271' title='bbox 672 4389 718 4441; x_wconf 81' lang='lat' dir='ltr'>lou</span> <span class='ocrx_word' id='word_1_272' title='bbox 731 4391 786 4441; x_wconf 79' lang='lat' dir='ltr'>finis</span> <span class='ocrx_word' id='word_1_273' title='bbox 799 4395 886 4456; x_wconf 86' lang='lat' dir='ltr'>quarto</span> <span class='ocrx_word' id='word_1_274' title='bbox 901 4389 962 4442; x_wconf 85' lang='lat' dir='ltr'>libro</span> <span class='ocrx_word' id='word_1_275' title='bbox 978 4387 1137 4452; x_wconf 87' lang='lat' dir='ltr'>imponendus</span> <span class='ocrx_word' id='word_1_276' title='bbox 1153 4387 1206 4439; x_wconf 88' lang='lat' dir='ltr'>luit.</span> 
     </span>
    </p>
   </div>
   <div class='ocr_carea' id='block_1_4' title="bbox 0 0 1426 4928">
    <p class='ocr_par' dir='ltr' id='par_1_7' title="bbox 0 0 1426 4928">
     <span class='ocr_line' id='line_1_38' title="bbox 0 0 1426 4928; baseline 0 0"><span class='ocrx_word' id='word_1_277' title='bbox 0 0 1426 4928; x_wconf 95' lang='lat' dir='ltr'> </span> 
     </span>
    </p>
   </div>
  </div>
 </body>
</html>
