2844 4928
150 307 215 374 124
566 325 642 371 rans
666 325 847 372 rosrnmon.

146 502 252 571 fuisse
272 498 417 587 conjicio
438 497 480 564 de
506 498 652 567 Camilla
670 501 799 591 puella,
822 503 965 565 exeunte
996 497 1148 587 septimo
1168 495 1261 578 libro,

148 614 218 674 tres
237 608 321 677 istos
340 627 461 672 versus
482 608 703 697 praemittere
725 630 733 676 :

503 802 567 863 Non
584 799 634 852 ilia
649 801 713 852 colo
725 799 890 876 calathisve
904 798 1051 852 Minervae

290 896 292 900 ⁴
349 880 491 932 femineas
506 886 627 933 assueta
639 894 757 944 manus,
774 880 826 933 sed
838 879 949 944 praelia
963 877 1045 943 virgo

349 960 423 1013 dura
437 960 509 1025 pati,
524 974 672 1026 cursuque
686 961 795 1027 pedum
807 964 990 1027 proevertere
1003 958 1137 1011 ventosi.

148 1133 271 1199 Postea
290 1153 372 1198 vero
392 1153 469 1198 cum
491 1131 650 1197 secundis
671 1132 760 1200 euris
780 1152 906 1221 poema
931 1133 1136 1196 retractaret
1165 1127 1269 1196 uude·

148 1240 344 1328 cimumque
365 1239 492 1304 librum
513 1239 716 1320 revolveret,
748 1238 912 1328 pauciora
943 1259 979 1303 se
1007 1257 1114 1326 supra
1144 1234 1269 1303 dixisse

148 1346 390 1413 animadvertit
408 1366 512 1437 quam
533 1351 570 1412 ut
587 1346 750 1413 Camillae
770 1367 883 1412 mores
904 1349 1007 1435 atque
1024 1343 1210 1429 ingenium
1220 1366 1271 1410 er·

148 1454 382 1543 planarentur.
407 1453 640 1535 Quamobrem
663 1475 900 1543 quaecumque
920 1453 955 1517 in
976 1450 1162 1517 undecimo
1183 1450 1269 1517 libro

146 1552 227 1626 inde
248 1583 266 1626 a
287 1560 565 1648 quingentesimo
582 1561 849 1652 quadragesimo
869 1581 970 1626 versu
991 1579 1101 1646 usque
1115 1557 1163 1624 ad
1177 1558 1271 1648 quin-

148 1667 378 1752 gentesimum
399 1667 648 1754 octogesimum
669 1668 826 1756 quintum
847 1667 1020 1754 leguntur,
1043 1668 1126 1732 tunc
1150 1670 1187 1731 et
1205 1664 1266 1746 ibi,

150 1779 185 1839 ut
203 1775 336 1863 opinor,
360 1773 520 1859 adjecit2.

191 1879 347 1971 Viragini
375 1887 490 1946 tamen
510 1882 704 1967 virgineum
730 1881 814 1971 quid
843 1881 1023 1947 infundere
1053 1879 1268 1962 decreverat,

146 2010 259 2077 neque
279 1988 471 2070 immerit03
495 1989 588 2077 quod
612 1988 763 2078 primum
787 1993 991 2059 consecutus
1011 1993 1063 2054 est
1082 1986 1270 2056 studiosius

149 2094 374 2184 exprimendo
395 2093 559 2161 Camillae
578 2094 886 2186 pulchritudinem,
908 2117 1012 2161 -eo
1033 2100 1172 2176 tamen,
1205 2117 1270 2185 quo

145 2201 272 2284 decuit,
287 2201 400 2284 mode,
413 2202 635 2293 adhibitaque
648 2225 782 2269 summa
792 2203 1014 2293 descriptioni
1025 2203 1267 2292 temperantia.

190 2308 330 2397 Alioqui
367 2309 556 2375 notandum
590 2310 676 2376 illud
701 2316 769 2392 est,
800 2311 1000 2400 parcissime
1027 2308 1071 2375 de
1102 2331 1270 2399 corporeo

146 2415 364 2497 feminarum,
383 2438 468 2505 quas
488 2417 631 2499 inducit,
654 2416 786 2499 habitu,
808 2417 904 2506 loqui
924 2416 1064 2483 solitum
1084 2437 1161 2483 esse
1183 2415 1269 2483 Ver-

145 2522 280 2607 gilium.
304 2521 404 2604 Quod
425 2523 565 2611 quidem
586 2547 655 2589 non
686 2525 719 2589 in
747 2522 925 2590 Aeneide³
953 2527 1087 2589 tantum
1115 2522 1270 2590 animad-

148 2634 272 2709 vertas,
295 2628 386 2694 unde
407 2630 484 2719 quis
505 2632 672 2721 suspicari
692 2631 801 2721 possit
825 2630 992 2720 quicquid
1012 2629 1056 2696 ad
1077 2656 1093 2692 a
1116 2628 1270 2697 Veneres

147 2734 401 2825 Cupidinesque
420 2764 435 2798 >i
457 2738 577 2803 attinet
593 2761 612 2803 a
627 2743 730 2828 poeta
749 2739 895 2804 scienter
914 2736 1130 2827 prohibitum
1148 2736 1268 2821 fuisse,

146 2847 264 2931 utpote
296 2843 341 2908 ab
372 2844 470 2932 epica
501 2845 681 2930 majestate
716 2845 999 2927 abhorrens;·-
1027 2841 1148 2909 sedet
1176 2842 1270 2911 idem

146 2950 179 3014 in
200 2947 394 3015 Bucolicis*
414 2952 574 3019 occurrit.
599 2950 807 3041 Saepissime
833 2979 848 3012 «
872 2952 1041 3017 formosas
1063 2977 1079 3011 »
1101 2972 1270 3040 personas

148 3075 226 3122 suas
247 3056 411 3146 appellat,
435 3057 495 3123 sed
516 3057 683 3147 paromodo
703 3058 873 3124 formosae
895 3059 962 3125 sint
981 3057 1182 3146 Amaryllis,
1207 3057 1272 3126 Ga·

179 3305 200 3354 l.
216 3307 281 3355 Aen.
296 3305 348 3367 Vll,
361 3305 474 3358 805-807.

178 3377 201 3424 2.
217 3377 280 3426 Nihil
296 3381 377 3426 tamen
391 3378 456 3426 aliud
469 3379 513 3426 hoc
524 3393 578 3428 esse
589 3379 709 3428 contendo
723 3393 793 3442 quam
805 3379 985 3441 conjecturam;
1000 3378 1089 3426 etenim
1105 3377 1212 3439 insuper
1226 3377 1275 3428 dici

147 3449 234 3511 possit,
251 3453 348 3510 apoeta
361 3464 410 3497 non
425 3449 564 3498 inconsulto
576 3463 654 3512 neque
670 3451 756 3498 inscite
773 3451 860 3498 iactum
876 3448 947 3509 illud,
960 3448 1024 3510 quod
1045 3448 1154 3496 narratio
1172 3448 1205 3496 de
1227 3448 1275 3497 Ca·

147 3520 227 3568 millae
242 3520 346 3582 pueritia
356 3520 464 3581 ejusdem
476 3521 546 3568 morti
559 3522 659 3583 propius
670 3522 693 3568 in
705 3526 815 3583 poemate
826 3521 924 3569 admota
943 3520 1032 3579 luerit3
1047 3532 1124 3582 eoque
1137 3520 1219 3582 magis
1230 3534 1275 3568 nos

146 3596 302 3653 praematuro
313 3591 414 3654 virginis
430 3592 496 3638 exitu
513 3591 594 3652 adfici,
610 3606 658 3654 quo
671 3593 793 3640 recentius
811 3592 892 3640 vivida
907 3590 1094 3638 florentissimae
1104 3589 1158 3651 ejus
1175 3590 1275 3639 adoles·

147 3662 241 3709 sentiae
257 3661 391 3723 descriptio
409 3663 470 3709 tacta
485 3663 525 3710 sit.
541 3661 601 3710 Cum
612 3663 662 3723 jam
671 3662 872 3711 mortuaCamilla
877 3663 952 3723 jacet,
960 3662 1031 3709 etiam
1040 3665 1090 3709 tum
1106 3661 1276 3710 nobisvidere

146 3732 257 3780 videmur
267 3732 392 3794 pulchram
406 3732 495 3781 Metabi
512 3733 585 3781 liliam
601 3748 644 3795 per
659 3735 845 3796 Apenninorum
858 3735 918 3796 juga
933 3737 1114 3782 venantem-
1129 3729 1167 3782 Gi.
1180 3731 1274 3793 Harae,

146 3804 257 3851 decors.
274 3803 311 3851 ud
326 3802 370 3851 tit.
388 3803 420 3850 Xt
437 3818 443 3851 :
458 3824 469 3848 «
486 3803 539 3852 Non
554 3804 691 3867 importuna
704 3810 741 3853 est
758 3805 837 3854 tabula
852 3805 883 3853 ad
896 3804 1036 3852 variandam
1053 3803 1222 3851 narrationem
1244 3804 1275 3852 de

147 3874 235 3922 bellico
251 3880 379 3937 apparatu,
393 3879 417 3922 et
427 3879 491 3923 tenet
507 3877 611 3924 animum
622 3877 804 3938 exspectatione
820 3877 923 3924 latorum
941 3874 1065 3923 Camillae.
1082 3893 1093 3918 u

177 3944 200 3993 3.
217 3944 273 3993 Vid.
291 3945 321 3994 de
337 3945 441 4002 Didone,
460 3947 536 4004 Aea,
558 3945 580 4005 l,
602 3945 665 4006 196;
687 3945 791 3995 Didonis
810 3961 863 3995 cum
883 3945 961 3995 Diana
980 3945 1082 3994 collatae
1102 3944 1181 3993 forma
1199 3947 1275 3996 tacite

147 4015 301 4066 subauditur.
314 4044 343 4052 —
359 4016 400 4076 lv,
415 4016 446 4065 60
461 4037 465 4068 :
483 4037 494 4060 a
514 4017 569 4080 lpsa
584 4022 669 4066 tenens
686 4018 772 4066 dextra
787 4022 894 4080 pateram
908 4015 1088 4080 pulcherrima
1102 4014 1176 4079 Dido,
1194 4035 1206 4059 n
1230 4032 1276 4067 nee

146 4089 275 4150 quicquam
290 4088 403 4149 amplius.
419 4115 449 4124 -
466 4087 505 4147 lV,
523 4087 576 4147 136,
592 4089 695 4136 Didonis
712 4093 811 4138 ornatus
826 4093 850 4136 et
869 4089 945 4136 vestis
967 4089 1047 4150 potius
1069 4100 1139 4150 quam
1164 4088 1277 4149 pulchri-

146 4158 205 4207 tudo
220 4159 378 4207 describitur.
399 4184 429 4196 —-
453 4159 566 4208 Laviniae
586 4173 695 4222 quoque,
719 4159 778 4220 Xll,
797 4159 828 4207 61
850 4158 1018 4221 sqq.,'potius
1042 4157 1154 4206 turbatus
1178 4160 1277 4208 animus

147 4228 279 4290 attingitur,
295 4244 367 4292 quam
382 4244 480 4292 corpus.

178 4299 200 4347 1.
216 4298 304 4364 Eclop.
322 4301 518 4364 1,5;11,1,16,
537 4301 635 4360 1Ί,15;
654 4300 752 4361 111,·19;
770 4301 870 4361 V1,·21;
888 4301 938 4360 Vll,
953 4300 994 4360 37,
1010 4300 1049 4358 55,
1064 4297 1113 4359 6't;
1132 4298 1164 4357 X,
1182 4299 1230 4364 18,
1253 4305 1277 4350 et

147 4385 247 4434 presan.
773 4408 777 4413 .
1184 4396 1188 4402 ·
