2844 4928
572 321 669 367 carm
695 319 869 367 sacumuuu.
1240 297 1282 363 31

205 493 293 562 Cum
310 496 345 561 in
362 494 559 586 Euripideis
577 495 704 563 tabulis
724 493 970 563 Andromacha
990 519 1006 554 «
1028 493 1148 560 victori
1168 472 1251 559 hero
1264 521 1280 556 »

157 601 246 668 nihil
264 602 459 686 maledicat,
478 602 573 692 apud
586 603 776 690 Vergilium
788 607 907 669 contra
925 622 1026 668 suum
1037 600 1098 667 illa
1116 601 1151 668 in
1171 600 1283 692 Neop-

154 710 323 777 tolemum
342 710 473 793 odium,
495 713 654 800 quamvis
675 711 846 792 decenter,
865 709 1035 800 expromit
1057 730 1064 777 :

313 905 418 970 Stirpis
432 905 578 959 Achilleae
595 907 691 959 fastus
703 908 903 972 juvenemque
920 905 1112 970 superbum...

156 1076 283 1167 quibus
305 1076 447 1166 quidem
471 1076 649 1144 vocabulis
675 1100 738 1168 per
762 1078 899 1167 ellipsin
926 1083 959 1144 et
992 1078 1092 1166 quasi
1115 1078 1180 1144 sub
1204 1077 1282 1144 velo

156 1183 309 1274 quodam
326 1181 496 1270 Vergilius
516 1183 731 1250 intellectum
751 1183 850 1250 nobis
874 1184 957 1250 tacit
976 1183 1178 1250 additicium
1195 1182 1292 1249 illud

156 1289 327 1376 flagitium
340 1312 347 1358 :
362 1290 612 1356 scilicetaetate
629 1290 702 1376 jam
717 1295 917 1380 provectam
936 1290 1118 1356 mulierem
1134 1288 1282 1376 junioris

158 1504 374 1593 amplexibus
394 1503 651 1594 quodammodo
670 1504 857 1573 foedatam.
879 1504 997 1571 Liceat
1015 1505 1120 1586 enim,
1137 1525 1279 1593 quaeso,

157 1611 303 1699 siugulis
323 1609 468 1699 Vergilii
496 1612 612 1678 verbis
638 1613 791 1678 animum
818 1611 1020 1694 advertere;
1048 1610 1113 1677 sub
1132 1632 1280 1700 quorum

156 1740 379 1808 unoquoque,
402 1719 470 1785 nisi
494 1719 608 1800 fallor,
636 1736 756 1788 sensus
782 1719 866 1785 latet
891 1740 996 1808 quem
1017 1719 1090 1785 erui
1114 1717 1277 1808 prodest3

157 1829 191 1890 et
209 1824 274 1892 hae
294 1831 374 1897 sunt
393 1848 538 1892 arcanae
559 1848 713 1893 summae
734 1848 878 1916 poeseos
897 1826 1094 1892 illecebrae.

200 1930 359 1999 Vidimus
377 1932 750 2023 quoqueEuripideam
761 1933 1038 2000 Andromacham
1056 1933 1155 2014 miro,
1173 1933 1278 1999 immo

153 2040 260 2106 nimio
289 2061 405 2107 amore
431 2041 646 2131 complexam
676 2040 821 2106 nothum
844 2041 943 2107 illum
968 2061 1071 2130 quem
1097 2038 1140 2104 de
1166 2038 1278 2128 Neop-

152 2145 281 2213 tolemo
294 2147 414 2233 genuit
425 2148 475 2214 ¹...
488 2146 662 2234 Vergilius
682 2152 802 2214 contra
817 2147 999 2214 eumdem²
1014 2145 1278 2213 Andromachae

153 2273 236 2319 suae
257 2259 316 2319 aut
333 2255 436 2343 plane
455 2255 616 2337 invisum,
638 2259 698 2320 aut
717 2255 838 2321 saltem
863 2277 968 2344 quam
991 2254 1153 2320 minimae
1173 2273 1276 2319 curae

151 2358 258 2429 fuisse
278 2361 380 2427 tacite
401 2383 463 2427 nos
483 2360 583 2428 docet
602 2361 655 2427 his
675 2362 790 2428 verbis
813 2384 820 2430 :

495 2555 621 2607 Servitia
635 2557 740 2609 enixae
756 2556 937 2609 tulimus...³

151 2723 278 2813 quibus
298 2724 540 2814 amplificatur,
568 2732 605 2791 11
627 2727 818 2810 bedleem,
850 2732 882 2793 et
906 2731 1136 2814 exaggeratur
1155 2729 1273 2814 partus
1365 2806 1368 2817 Ι

148 2918 249 2967 machaa
266 2933 271 2966 :
288 2939 300 2963 «
311 2918 433 2967 Verumue
448 2923 484 2968 est
499 2919 564 2982 quod
577 2924 698 2981 narratur,
713 2935 769 2970 nam
783 2922 825 2970 vix
840 2921 940 2971 credere
953 2921 1039 2983 potui?
1050 2919 1173 2969 Servaeus
1186 2918 1274 2982 obtigit

148 2968 288 3052 cimjugium
303 2989 389 3053 Pyrrhi
400 2992 412 3038 ‘t
425 3009 437 3036 υ
453 2991 614 3053 Perspicuum
628 2996 667 3040 est
680 2993 713 3041 ihi
728 2993 759 3041 ab
776 2994 858 3042 Aenea
872 2992 1017 3053 interrogari
1032 2989 1227 3040 Andromacham
1242 3004 1273 3039 11

148 3074 208 3109 vera
223 3062 253 3109 sit
268 3062 310 3110 illa
325 3081 336 3106 c
353 3062 507 3110 incredibilis
522 3063 585 3110 lama
600 3081 612 3106 »
624 3062 653 3110 da
668 3078 715 3125 qua
728 3078 802 3125 supra
814 3079 854 3114 vu.
870 3062 1118 3113 attoarensium
1133 3066 1177 3111 est.
1190 3061 1272 3123 Neque

148 3145 198 3180 non
212 3132 237 3180 in
252 3132 298 3182 hoc
314 3133 367 3182 loco
383 3133 480 3196 paulum
496 3132 618 3182 immorari
639 3148 728 3197 operae
745 3135 850 3196 pretium
864 3139 910 3196 est,
927 3136 952 3183 iu
972 3149 1021 3197 quo
1040 3148 1104 3181 nunc
1124 3134 1195 3182 etiam
1215 3133 1272 3180 hae-

148 3217 212 3264 rere,
227 3203 337 3267 illudque
356 3205 412 3266 plus
424 3205 499 3266 justo,
513 3209 715 3253 commentatores
725 3206 843 3268 quosdam
857 3207 938 3266 video,
954 3219 1031 3268 neque
1042 3210 1121 3253 tamen
1135 3205 1200 3253 idem
1215 3217 1272 3252 seu-

148 3271 204 3324 tire.
221 3273 314 3323 Sensus
329 3279 366 3324 est
380 3275 420 3324 hic
436 3291 441 3323 :
458 3296 469 3320 «
487 3276 553 3324 Heul
570 3281 698 3339 postquam
713 3277 816 3326 emisisti
831 3279 959 3341 conjugem
969 3277 1045 3336 illum,
1061 3277 1102 3338 qui
1113 3280 1193 3325 tantus
1204 3279 1272 3324 esset

147 3344 231 3407 heros,
251 3346 277 3393 in
290 3360 338 3408 qua
355 3360 419 3394 nunc
439 3346 537 3394 miseria
548 3347 627 3408 jaces,
640 3352 690 3408 aut,
706 3348 827 3410 siquidem
847 3349 920 3398 hodie
938 3350 975 3413 (ut
991 3349 1042 3410 jam
1061 3348 1154 3404 audivi)
1171 3346 1271 3394 meliore

147 3415 292 3465 condicione
311 3419 397 3475 uteris,
413 3431 475 3480 quae
492 3419 587 3466 fortuna
603 3419 662 3466 satis
679 3419 753 3482 digna
771 3423 795 3467 te
813 3419 924 3469 Hectoris
939 3434 1040 3468 uxorem
1055 3419 1156 3467 revisit?
1169 3418 1268 3476 Utrum,

146 3501 232 3546 necne,
249 3488 337 3551 Pyrrhi
352 3488 432 3536 adhuc
445 3491 534 3550 conjux
550 3492 597 3537 es‘l
616 3508 627 3532 a

179 3559 202 3608 1.
221 3558 256 3608 Cl.
273 3560 365 3618 Euam,
376 3560 513 3618 Androm,
529 3561 610 3622 25-26,
625 3561 704 3621 15-55,
720 3561 884 3629 6111116,
900 3562 954 3622 ill,
970 3562 1025 3611 441.

177 3629 202 3681 2.
220 3631 308 3679 Plures
325 3631 395 3679 etiam
413 3633 528 3694 genuisse
544 3633 703 3695 Neoptolemo
719 3633 783 3682 filios
803 3633 962 3696 Lysimachus
977 3633 1109 3682 historicus
1123 3633 1269 3684 tradiderat.

147 3701 186 3764 (V.
204 3701 310 3767 Fraqm.
333 3700 392 3752 bist.
408 3716 507 3766 praec,
530 3707 547 3751 1.
565 3703 605 3766 ΙΙΙ,
621 3703 717 3767 1338,
734 3705 763 3754 11.
780 3704 818 3765 13,
833 3719 888 3754 cum
903 3705 1075 3754 commentario
1091 3704 1170 3754 Caroli
1192 3704 1270 3754 Muru-

144 3772 219 3836 1111.)

176 3842 200 3892 3.
220 3843 303 3892 Srnvu
322 3849 346 3892 81
366 3845 537 3908 plerorumque
557 3847 696 3895 criticorum
712 3847 839 3895 lectionem
861 3851 885 3897 et
904 3848 1128 3910 interpretationem
1148 3848 1178 3896 de
1193 3847 1268 3895 verbo

146 3933 159 3958 a
176 3915 268 3964 eaiaue
282 3935 294 3959 s
309 3929 407 3977 sequor.
423 3917 556 3978 Perperam
573 3917 700 3966 qunrcrus
718 3923 741 3967 et
759 3919 822 3967 1111
836 3921 967 3982 explanant
983 3933 989 3966 :
1006 3938 1018 3963 (ι
1034 3933 1130 3983 semper
1148 3920 1269 3967 enitentes

146 3988 173 4033 ut
187 3987 288 4034 servitio
303 3987 434 4036 exiremus.
450 4006 461 4030 u
477 3988 526 4036 Nec
541 3989 618 4051 magis
631 3989 707 4037 Nouio
722 3993 746 4037 81
764 3989 849 4038 Vossio
864 3991 1008 4038 assentior«
1024 3990 1108 4039 labore
1122 3990 1267 4038 exercitae»

146 4057 375 4119 interpretantibus3
391 4072 469 4120 neque
478 4057 586 4107 111ιὸ111
598 4065 679 4108 18118;
695 4080 706 4104 c
716 4061 809 4121 Enisa,
825 4076 878 4109 cum
894 4061 956 4120 nisu,
967 4077 1021 4110 cum
1036 4061 1124 4111 studio.
1136 4081 1146 4104 a
1160 4060 1215 4124 Ipse
1226 4061 1267 4109 ille

145 4132 254 4177 ceterum
267 4129 337 4177 addit
352 4145 358 4179 ε
376 4148 387 4172 ι(
403 4128 485 4178 Sotlte
498 4145 561 4178 mua
577 4146 630 4178 uun
644 4130 707 4180 cher
725 4133 884 4191 eiawenden,
908 4132 956 4181 dus
977 4130 1110 4182 vielleicbt
1130 4133 1176 4182 der
1199 4134 1266 4181 Aus-

147 4197 230 4248 druclc
246 4198 290 4247 dec
303 4200 392 4262 Eisers
404 4199 460 4248 unct
475 4200 522 4249 der
536 4201 806 4265 Dieactbestissenbeit
827 4202 883 4251 bier·
896 4203 971 4252 nicht
991 4218 1034 4252 am
1056 4204 1148 4253 Platae
1167 4204 1220 4261 isa·
1237 4219 1266 4253 so

146 4269 235 4319 mitrale
250 4271 356 4333 darauf
366 4272 488 4320 ermidert
510 4272 612 4320 werden
627 4272 738 4332 konnen,
761 4274 823 4323 dues
838 4274 901 4323 eben
923 4275 978 4324 dies
999 4275 1041 4324 die
1060 4274 1195 4324 Sttooerei
1218 4275 1266 4324 der

146 4340 328 4390 Andromache
346 4358 379 4390 zu
398 4344 468 4391 eluat·
488 4344 624 4408 traoripeu
647 4344 760 4402 rnechte,
783 4347 844 4394 durs
865 4346 904 4394 sie
924 4347 1005 4410 eifrip
1025 4346 1080 4395 uad
1101 4345 1264 4410 berettettttp

145 4409 196 4460 den
212 4411 415 4477 bocbmrttlzipeu
434 4413 489 4462 aud
503 4413 654 4462 oer’busstea
670 4415 766 4464 Feinde
779 4415 873 4465 dienen
887 4420 992 4465 mrtsste.
1011 4436 1022 4460 »
