2844 4928
155 316 218 380 llll
570 333 646 379 rans
670 333 852 381 nosraaroa.

278 506 339 568 Quo
352 516 398 557 res
410 515 537 567 cumque
551 501 666 564 cadent,
682 517 775 556 unum
788 508 818 556 et
828 516 984 557 commune
999 503 1154 570 periclum,

277 597 339 637 una
353 582 434 636 salus
449 583 595 636 ambobus
610 583 696 636 erit...

153 756 220 825 Cur
239 760 354 822 autem
374 754 457 820 dicit
477 781 493 816 ιι
506 753 687 836 ambobus,
704 781 719 816 u
740 774 853 845 neque
874 775 1016 820 uxorem
1034 775 1178 844 quoque
1199 754 1271 840 sibi,

153 868 211 930 aut
231 883 388 945 evasura,
411 866 471 928 aut
488 862 656 951 periture,
682 861 755 927 fore
776 863 905 928 sociam
924 861 1102 928 declarat?

195 970 375 1037 Proximus
405 968 528 1035 deinde
555 969 685 1035 incedit
707 969 798 1058 patri
820 968 1012 1052 Ascanius,
1039 967 1173 1036 Creusa
1196 992 1275 1036 vero

151 1079 305 1145 euntium
328 1104 343 1137 ιι
365 1077 468 1164 longe
489 1082 667 1142 servatura
690 1080 742 1142 cst
761 1077 937 1162 vestigat
963 1104 979 1139 n
1003 1074 1141 1166 Siquis
1163 1082 1275 1144 autem

150 1189 287 1274 reputat
309 1184 522 1270 fugientibus
542 1184 608 1249 iter
627 1205 702 1250 esse
727 1183 925 1250 faciendum
944 1183 1034 1249 inter
1052 1183 1279 1250 tenebrarum

150 1295 279 1382 spissas
305 1291 482 1377 caligines,
513 1317 529 1352 ιι
551 1292 764 1381 propiusque
788 1319 804 1354 »
824 1291 866 1357 iis
887 1317 903 1352 ιι
926 1295 1042 1356 aestus
1062 1290 1207 1358 volvere
1230 1292 1279 1358 in·

150 1398 308 1482 cendia²,
333 1428 349 1461 ιι
371 1398 419 1463 ita
440 1402 475 1464 ut
498 1418 666 1487 persaepe
691 1419 752 1464 seu
776 1397 887 1464 territi
914 1396 1091 1478 deerrare,
1113 1419 1179 1464 seu
1198 1397 1279 1464 ohs-

180 1615 203 1663 1.
219 1614 293 1672 Aen„
310 1612 338 1672 ll,
354 1610 456 1661 ‘llo-‘lli
477 1626 482 1659 :
501 1610 583 1661 «Mihi
600 1625 691 1674 parvus
707 1611 773 1660 lalus
790 1610 828 1661 Sit
843 1625 924 1660 eomes
938 1614 962 1660 et
979 1610 1057 1677 lonqc
1071 1615 1157 1661 servet
1172 1612 1277 1674 vestigia

149 1685 266 1748 conjunx.
280 1704 292 1728 »
308 1684 343 1733 De
353 1683 399 1732 hoc
414 1685 490 1732 verbo
505 1681 579 1746 lonqe
594 1685 695 1731 multum
711 1684 850 1732 dissensere
861 1687 884 1731 et
897 1682 978 1731 adhue
990 1683 1142 1732 dissentiunt
1157 1685 1278 1745 iuterpre-

148 1763 194 1807 tes.
211 1757 314 1805 Saavms
331 1772 337 1805 ε
356 1775 367 1800 ιι
380 1755 471 1817 Longe,
486 1773 498 1799 »
508 1754 625 1814 valde,ut
638 1755 688 1814 <L
706 1754 767 1813 13>
782 1769 788 1802 t
806 1753 970 1817 Tiberinaque
985 1754 1057 1817 longe
1067 1754 1141 1804 ostia.
1156 1773 1169 1799 »
1180 1754 1239 1817 (Sed
1254 1756 1278 1803 in

148 1829 194 1878 hoc
209 1841 305 1893 quoque
316 1827 369 1875 loco
381 1827 530 1875 dissentiunt
545 1827 708 1885 recentiores;
719 1826 776 1874 vide
789 1826 954 1888 Fona1asa,in
966 1824 990 1873 h.
1002 1825 1031 1886 Ι.)
1039 1852 1070 1861 -
1084 1825 1192 1875 Saavrus
1206 1827 1279 1889 igilur

148 1898 268 1961 intellegit
282 1897 369 1955 ualde,
385 1897 402 1948 i.
418 1911 440 1947 e.
458 1896 519 1945 benc
535 1901 616 1945 servet
636 1897 778 1960 qcustodiat)
799 1897 904 1958 vestigia
924 1896 1031 1958 conjux3
1052 1896 1174 1959 additque
1195 1912 1233 1946 :a
1251 1897 1277 1944 Et

148 1972 211 2020 hene
233 1971 342 2032 singulos
359 1970 395 2017 ire
411 1969 476 2029 lacit,
493 1969 538 2016 scit
554 1969 617 2016 enim
632 1968 811 2016 multitudinem
824 1967 895 2016 facile
910 1981 983 2030 posse
997 1967 1161 2030 deprehendi.
1180 1986 1192 2012 n
1209 1967 1278 2027 Quod

148 2044 252 2105 probare
275 2041 372 2089 videtur
392 2039 413 2088 l.
438 2039 522 2088 Haaar
546 2039 697 2102 (Aeneidcu,
718 2039 737 2095 1,
762 2054 786 2101 p.
811 2038 867 2103 332)
891 2055 897 2090 :
921 2058 932 2083 ιι
958 2037 1037 2088 There
1057 2053 1139 2087 seems
1159 2038 1277 2088 tubeae

147 2112 252 2178 qrouad
277 2111 407 2161 luhutever
426 2111 471 2174 sor
490 2110 532 2160 the
555 2109 654 2175 chorae
673 2109 758 2159 which
778 2109 828 2159 has
848 2125 876 2159 ao
897 2109 1052 2174 frequently
1077 2109 1141 2159 been
1164 2110 1277 2174 bruuqht

151 2184 259 2248 uqutnst
273 2185 384 2240 Aeneae,
400 2183 460 2231 that
474 2181 505 2232 le
520 2182 649 2241 desertect,
665 2197 695 2230 or
710 2185 739 2231 ut
754 2180 831 2241 least,
851 2180 985 2245 heylected
999 2181 1040 2230 his
1054 2181 1124 2244 adse.
1141 2181 1180 2231 Cf.
1197 2181 1275 2239 Oua,

150 2255 268 2311 Heroid,
284 2253 336 2316 Vll,
355 2253 386 2302 83
409 2269 415 2302 :
441 2253 467 2303 Si
482 2268 589 2318 quaeras
605 2255 646 2303 ubi
661 2256 694 2303 sit
716 2254 816 2303 formosi
837 2253 982 2314 materiali,
999 2252 1096 2302 Occidit
1110 2268 1123 2301 a
1139 2253 1205 2303 duro
1226 2253 1276 2303 cola

148 2327 234 2376 relicta
248 2325 311 2373 viro.
331 2344 342 2369 u

179 2396 232 2445 Non
248 2400 327 2443 tamen
343 2395 410 2443 solus
424 2400 462 2444 est
476 2397 542 2458 apud
562 2397 675 2459 antiquos
690 2396 800 2454 Ouarna,
816 2409 888 2459 quem
903 2395 943 2444 hie
957 2394 1027 2444 locus
1041 2395 1184 2445 offenderit.
1206 2397 1273 2446 Ano·

151 2482 231 2516 arnus
246 2466 309 2514 enim
325 2466 388 2528 apud
401 2466 508 2516 Saavmn
520 2481 526 2514 ι
538 2487 550 2512 ιι
598 2467 640 2516 Vel
656 2467 733 2533 luaqe
747 2467 812 2527 ideo,
824 2471 850 2514 ut
865 2467 897 2514 sit
911 2466 1099 2529 prooeconomia
1113 2467 1182 2529 quod
1193 2481 1274 2517 errare

147 2538 264 2601 potuerit.
281 2557 293 2582 u
311 2537 466 2586 Recentiores
485 2542 565 2586 autem
585 2539 695 2602 plerique
710 2538 788 2586 critici
805 2537 880 2603 lonqe
895 2538 966 2586 aliter
980 2551 1052 2600 quam
1071 2537 1179 2587 Saavrus
1196 2539 1273 2601 expli·

146 2615 203 2658 caut
219 2624 224 2657 :
242 2609 326 2656 Herna
344 2622 350 2656 ε
367 2628 379 2653 ιι
406 2609 499 2672 Louqe,
516 2624 529 2657 e
546 2609 688 2673 longinquo.
706 2629 718 2653 a
741 2609 844 2658 Banorsr
865 2623 872 2656 ι
897 2628 909 2654 ι(
933 2611 951 2658 ὰ
974 2606 1087 2673 quelque
1111 2607 1242 2659 distance.
1263 2628 1274 2654 ιι

146 2682 273 2740 Foaamaa,
288 2681 425 2730 Wamaaa:
443 2700 454 2724 u
471 2682 524 2730 Non
540 2681 620 2728 statim
635 2685 689 2743 post
704 2695 750 2739 me,
767 2681 856 2729 seder
871 2679 954 2743 aliquo
969 2678 1108 2729 intervallo.
1125 2698 1137 2723 ιι
1150 2681 1275 2730 Lucrina

146 2752 275 2801 Sonuere:
293 2771 304 2797 ιι
368 2752 422 2800 Dus
434 2751 503 2800 Musa
518 2750 563 2800 des
578 2753 649 2815 longe
664 2751 733 2815 durs
744 2750 881 2801 nuturltctt
895 2749 968 2800 nicht
982 2754 1095 2815 qrdsser,
1110 2750 1155 2800 ula
1168 2767 1204 2800 zu
1218 2751 1275 2801 dem

145 2823 250 2873 Zweche
264 2824 306 2886 (ct.
324 2823 441 2882 Saavrun,
458 2824 656 2886 supracitatum)
673 2823 756 2887 notiq,
773 2837 962 2888 unqeuommen
978 2821 1117 2871 werden.»

176 2895 225 2942 Alii
240 2897 332 2942 textum
344 2894 484 2942 mutandum
494 2895 628 2956 conjiciunt
640 2895 674 2942 ita
683 2899 710 2943 ut
725 2915 736 2938 ιι
748 2894 822 2943 haud
839 2893 916 2959 lotape
932 2912 943 2937 u
957 2893 1063 2955 legatur,
1072 2893 1112 2942 vel
1126 2912 1138 2937 ιι
1151 2892 1274 2960 leaena»

144 2966 184 3015 vel
200 2985 211 3010 ιι
228 2964 295 3014 lente
316 2984 327 3009 n
345 2966 409 3018 tvide
430 2964 559 3024 Gdanmaa,
576 2981 600 3028 p.
625 2965 696 3028 mn);
718 2966 762 3014 sed
783 2966 851 3014 nulla
873 2980 947 3014 causa
968 2969 1006 3013 cst
1024 2978 1068 3013 cur
1087 2969 1211 3014 mammas
1233 2967 1274 3029 (cl.

146 3038 256 3096 Brasaca,
272 3039 312 3100 qui
329 3036 375 3085 hoc
390 3038 414 3084 in
430 3038 483 3085 loco
496 3037 619 3085 variantes
635 3038 752 3087 lectiones
771 3037 851 3086 nullas
868 3037 936 3097 citat,
959 3041 983 3085 et
1004 3035 1113 3085 Scatrae
1137 3036 1273 3102 (Anhang,

147 3123 170 3170 p.
182 3107 251 3169 262);
261 3135 288 3143 -
299 3113 490 3169 nequeceterum
499 3128 510 3151 «
519 3107 582 3155 haud
593 3108 666 3169 louge
674 3128 685 3153 n
695 3123 749 3156 cum
759 3124 783 3159 v.
793 3106 838 3157 739
846 3107 987 3170 quadraret,
999 3106 1071 3155 sicuti
1085 3107 1148 3155 bene
1159 3109 1275 3157 observat

146 3177 255 3226 Kartum
270 3177 388 3240 (Erhtdr,
404 3193 427 3240 p.
444 3178 492 3240 41).
505 3178 579 3240 ldem,
589 3205 620 3214 -
634 3193 687 3227 cum
702 3180 821 3227 Wrmaaa
834 3178 1019 3242 (Commentur,
1036 3192 1060 3240 p.
1072 3177 1137 3238 lae),
1148 3178 1274 3241 Kannaor,

92 3247 94 3252 '
147 3250 233 3314 (latr,
247 3264 271 3312 p.
287 3251 346 3311 aaa)
358 3276 390 3285 —
404 3249 540 3313 Anonymo,
551 3251 621 3312 cujus
633 3251 699 3310 apud
715 3250 826 3299 Servium
842 3250 924 3312 opinio
935 3264 1009 3312 supra
1024 3249 1097 3297 citata
1114 3248 1217 3311 legitur,
1232 3250 1276 3299 ad-

147 3322 259 3381 sentitur,
281 3321 459 3381 artiliciumque
480 3321 540 3369 illud
563 3320 664 3384 Vergilii
680 3335 765 3383 parum
787 3322 848 3370 bene
873 3321 1035 3384 excogitatum
1054 3324 1149 3369 censet.
1166 3322 1275 3371 Aeneam

146 3393 243 3440 minime
258 3405 357 3440 uxorem
377 3405 463 3439 curare
478 3393 500 3439 ei
516 3393 623 3450 videtur,
640 3392 750 3456 illudque
764 3390 957 3457 uauaqeuehm.
973 3390 1044 3450 Quod
1065 3390 1165 3454 quidem
1183 3396 1209 3441 et
1223 3393 1276 3455 ipse

147 3465 235 3514 sentio.
250 3464 301 3513 lam
317 3464 382 3511 enim
397 3463 474 3524 prius,
491 3463 575 3511 sivein
585 3463 691 3523 Didone,
704 3465 757 3514 sive
768 3464 792 3512 in
803 3465 899 3523 Amata,
915 3463 1132 3512 animadvertimus
1147 3476 1203 3511 eam
1219 3477 1273 3512 esse

145 3534 253 3596 Vergilio
265 3535 362 3582 divinae
377 3548 466 3597 operae
482 3534 636 3583 adhibendae
652 3536 770 3584 rationem
789 3552 795 3586 :
811 3535 906 3584 scilicet
919 3535 1011 3583 divinis
1024 3533 1143 3583 humanas
1156 3535 1275 3583 commis·

146 3620 201 3654 cere
216 3619 304 3653 causas
321 3605 391 3664 solet,
408 3606 441 3654 ita
456 3610 482 3654 ut
497 3606 552 3654 illae
568 3606 613 3654 sibi
630 3605 778 3656 auxilientur
797 3607 911 3665 invicem,
927 3619 1007 3669 neque
1026 3604 1108 3654 laedat
1123 3605 1275 3656 intellectum

146 3678 252 3726 Deorum
266 3678 428 3728 interventus.
444 3678 489 3724 Hic
509 3691 605 3740 quoque
625 3678 725 3726 eandem
746 3679 866 3727 rationem
887 3677 1008 3736 adhibuit,
1024 3677 1115 3735 minus,
1131 3680 1158 3725 ut
1173 3677 1273 3740 opinor,

147 3748 261 3807 feliciter,
277 3762 392 3810 meroque
407 3749 524 3797 miraculo
535 3749 584 3797 tolli
602 3749 717 3798 Creusam
734 3751 817 3812 potius
831 3750 884 3808 luit,
900 3761 979 3811 neque
992 3748 1074 3797 aderri
1087 3748 1215 3797 naturales
1230 3747 1275 3796 bu·

143 3820 184 3881 jus
199 3820 233 3866 rei
249 3833 345 3880 causas,
359 3820 378 3866 si
392 3820 489 3882 quidem
505 3821 533 3868 ad
550 3821 648 3869 Aeneae
668 3821 796 3869 utilitatem
818 3821 980 3882 respicimus·
999 3817 1048 3867 Sed
1066 3818 1113 3867 hoc
1131 3832 1232 3883 quoque
1247 3821 1273 3868 iu

145 3890 199 3938 loeo
210 3889 342 3952 Vergilium
357 3891 468 3939 collibuit
483 3891 575 3952 lingere
593 3905 635 3939 eos
650 3905 737 3940 sensus
751 3906 814 3954 quos
828 3905 887 3953 erga
902 3891 1009 3954 priorem
1024 3891 1152 3953 conjugem
1163 3891 1273 3953 gessisse

145 3961 276 4023 Trojauum
299 3960 396 4009 heroem
422 3962 554 4010 verisimile
577 3966 623 4023 est,
645 3976 707 4025 quos
730 3963 786 4011 item
809 3977 866 4025 erga
885 3963 964 4010 virum
984 3961 1084 4020 Creusa,
1109 3963 1227 4024 totusque
1248 3963 1273 4010 in

145 4032 210 4081 illam
225 4032 379 4094 antiquarum
394 4047 551 4095 personarum
565 4032 721 4100 ψυχολογίαν
743 4034 865 4083 interdum
883 4036 979 4082 Aeneae
997 4029 1089 4081 oblitus
1104 4036 1151 4080 est.
1171 4059 1204 4086 ,-
1228 4032 1273 4082 Fa-

144 4104 202 4151 bula
216 4103 335 4165 quaedam
352 4104 404 4160 luit,
425 4104 489 4166 apud
503 4110 608 4164 veteres,
631 4118 678 4167 qua
693 4103 809 4153 Creusam
823 4105 968 4153 narrabatur
987 4123 998 4147 ιι
1012 4103 1043 4152 ab
1057 4103 1114 4166 ipso
1127 4103 1223 4166 Aenea,
1243 4118 1274 4154 ex

145 4175 256 4235 pactione
269 4188 322 4221 eum
338 4174 439 4223 Graecis
456 4176 526 4235 lacta,
545 4177 680 4225 occisam...
699 4190 729 4224 ne
743 4177 798 4239 quis
814 4191 844 4224 ca
868 4177 961 4224 semine
981 4175 1070 4224 Priami
1088 4181 1243 4238 superesset.
1260 4196 1272 4222 a

145 4246 185 4307 (aa
206 4244 258 4306 V1r,
282 4243 481 4306 Onomasticoa,
504 4261 528 4296 v,
550 4246 660 4310 Creusa).
677 4246 753 4306 Quam
772 4247 869 4310 quidem
890 4261 940 4295 non
962 4250 1061 4295 secutus
1075 4249 1114 4294 est
1129 4245 1272 4311 Vergilium

144 4329 225 4364 nonae
241 4319 320 4364 autem
335 4316 388 4365 hori
401 4318 479 4379 possit
497 4321 522 4364 ut
536 4317 710 4380 aliquantulum
728 4319 886 4367 meminerit?

175 4389 199 4438 2.
215 4389 288 4446 Aen„
305 4387 333 4446 ll,
349 4387 403 4436 706.
420 4416 450 4425 -
466 4389 501 4436 Cl.
518 4387 628 4438 tua-729.
