2844 4928
576 333 674 379 curor
698 334 831 380 surruu.
1205 310 1267 375 147

190 507 281 575 Illud
301 511 416 573 autem
436 506 502 572 sibi
522 510 743 598 proposuisse
765 508 938 595 Vergilius
959 506 1044 573 mibi
1062 505 1211 589 videtur,
1232 509 1271 573 ut

144 617 181 683 in
201 615 345 683 Lavinia
364 614 572 703 puellarum,
595 616 715 704 quales
735 616 771 682 in
790 616 904 706 prisco
924 636 1009 681 aevo
1028 613 1134 680 fuisse
1153 611 1270 678 trade-

145 731 277 804 rentur,
299 744 413 789 mores
432 727 720 811 repraesentaret.

193 831 304 913 Quam
324 831 415 897 enim
434 831 538 896 fuerit
557 831 651 920 apud
671 833 830 921 antiquos
850 870 894 883 -
910 835 991 922 (non
1010 828 1174 918 aequales
1195 827 1271 895 dico

146 939 312 1026 Vergilii,
344 937 406 1004 sed
436 939 569 1028 priscos
593 940 787 1029 priscorum
815 943 1010 1028 temporum
1034 936 1203 1024 homines)
1227 975 1270 985 -—

147 1047 288 1114 humilis
305 1045 524 1134 obscuraque
539 1047 683 1133 virginis
695 1047 776 1128 vita,
793 1047 875 1112 satis
890 1050 1022 1112 notum.
1036 1042 1171 1132 Quippe
1183 1065 1272 1132 quae

147 1154 339 1246 postposita
365 1153 562 1235 fratribus¹,
585 1175 606 1220 a
632 1153 835 1242 parentibus
867 1153 1037 1239 neglecta,
1068 1151 1164 1216 nullo
1192 1150 1269 1217 loco

147 1265 405 1343 numeraretur;
428 1282 492 1349 pro
511 1260 620 1326 nihilo
639 1261 798 1327 voluntas
818 1282 857 1326 ac
877 1259 991 1326 studia
1012 1259 1088 1346 ejus
1112 1257 1193 1324 duci
1213 1280 1270 1326 so·

147 1368 278 1449 lebant,
300 1368 357 1433 vel
384 1368 499 1456 potius
523 1367 786 1453 ignorabantur,
808 1389 872 1433 nec
902 1366 972 1433 ulla
996 1368 1158 1456 cuiquam
1187 1388 1270 1431 cura

147 1477 238 1556 vilis,
262 1481 298 1541 ut
316 1477 364 1541 ita
384 1474 509 1556 dicam,
532 1475 678 1556 animae,
701 1475 766 1540 fuit
780 1475 803 1540 ².

194 1582 313 1649 Talem
332 1582 495 1648 nimirum
520 1602 595 1647 esse
616 1581 854 1647 condicionem
884 1581 1046 1649 Laviniae
1071 1579 1270 1666 Vergilius³

149 1690 216 1758 sibi
235 1689 342 1770 finxit,
365 1689 465 1755 nobis
486 1688 646 1754 ostendit.

194 1795 270 1877 Quo
291 1797 382 1862 enim
400 1796 477 1862 loco
497 1795 557 1861 illa
574 1801 653 1861 ante
673 1796 792 1861 oculos
812 1800 949 1862 nostros
970 1793 1123 1883 primum
1153 1793 1272 1861 statui-

149 1909 218 1985 tur,
259 1902 464 1968 sacrificanti
498 1902 588 1991 patri
620 1928 635 1963 «
666 1902 700 1967 in
730 1901 845 1968 medio
875 1901 1006 1969 honore
1037 1899 1190 1966 Deum»
1221 1921 1273 1966 sa·

150 2032 210 2077 ora
242 2011 340 2099 quasi
373 2009 500 2074 ancilla
532 2008 645 2074 adstat
660 2009 682 2074 ⁸.
714 2008 847 2075 Deinde
881 2030 957 2075 eam
988 2030 1009 2075 a
1037 2007 1272 2074 debacchante

150 2123 260 2183 matre
280 2122 474 2204 correptam
490 2119 523 2181 et
543 2115 745 2203 abreptam⁸
760 2116 880 2181 inertis
895 2114 1084 2181 infantulae
1103 2114 1211 2180 instar
1224 2114 1273 2178 vi-

151 2224 285 2291 demus.
307 2223 434 2289 Postea
453 2244 604 2312 quoque,
627 2221 766 2312 quando
792 2244 871 2288 curn
891 2221 1022 2289 Latinis
1042 2222 1208 2288 matronis
1228 2220 1273 2287 ad

152 2330 284 2420 templa
303 2329 461 2397 sollemni
480 2351 609 2418 pompa
628 2328 796 2418 procedit,
818 2328 1010 2419 pedisequa
1033 2331 1179 2394 matrem
1207 2326 1273 2393 lra-

151 2440 245 2505 vinia
262 2439 475 2504 comitatur⁶.
504 2437 650 2526 Semper
671 2437 778 2522 igitur
798 2440 831 2502 et
854 2436 984 2525 ubique
1008 2436 1091 2518 suis,
1112 2435 1168 2501 vel
1187 2435 1275 2502 desi-

152 2546 341 2636 pientibus,
364 2550 424 2611 aut
442 2544 640 2627 famulatur,
663 2548 722 2609 aut
749 2543 868 2610 obedit
882 2544 905 2609 ⁷.
932 2542 1002 2609 Nec
1031 2564 1185 2632 unquam
1212 2564 1276 2609 uec

185 2741 208 2792 1.
224 2741 333 2789 Fratrem
347 2739 462 2788 habuisse
476 2739 602 2788 Lauiniam
617 2739 741 2802 Vergilius
756 2743 875 2790 memorat
893 2753 980 2799 unum,
995 2764 1026 2776 -
1042 2738 1106 2787 duos
1121 2738 1220 2787 tradunt
1231 2752 1276 2787 an-

153 2813 245 2875 tiquae,
260 2826 274 2860 a
289 2810 376 2860 Servio
392 2810 504 2870 traditae,
520 2811 626 2860 tabulae.
643 2810 697 2860 Vid.
709 2812 773 2860 Aen.
783 2810 837 2871 XII,
851 2809 935 2860 50-51.
948 2811 1058 2860 etAuou.
1074 2809 1140 2874 apud
1155 2808 1277 2872 Servium,

154 2885 172 2934 i.
187 2884 212 2933 h.
229 2882 246 2933 l.

186 2955 209 3003 2.
224 2953 261 3005 Cf.
277 2951 345 3013 Gran,
359 2952 498 3002 condition
510 2951 544 3002 de
560 2951 588 3002 lc
601 2955 696 3018 feriore
712 2953 780 3003 daos
795 2952 820 3003 le
833 2952 905 3001 droit
917 2951 1022 3012 ancien,
1037 2967 1062 3015 p.
1077 2952 1110 3002 ‘15
1125 2969 1131 3003 :
1148 2972 1160 2998 u
1178 2953 1217 3002 On
1232 2966 1278 3001 en·

153 3026 266 3090 seipaoit
281 3024 307 3088 (ὰ
329 3023 356 3072 Ια
373 3025 455 3089 seura
474 3024 539 3088 fille)
555 3026 600 3075 des
613 3041 661 3074 son
673 3027 785 3089 ausonae
800 3045 812 3070 «
831 3027 847 3074 d
863 3040 894 3074 ne
911 3023 1011 3088 parler,
1035 3023 1187 3075 c’errtendre
1202 3028 1228 3074 et
1247 3039 1279 3073 rie

154 3099 211 3147 ooir
227 3112 277 3162 que
292 3096 316 3146 le
329 3097 413 3145 moins
424 3096 545 3159 possible.
566 3116 578 3142 »
596 3117 608 3144 u
625 3097 692 3156 ὅπως
704 3096 736 3156 ὡς
755 3092 875 3163 ἐλάχιστα
897 3096 940 3161 μὲν
960 3095 1063 3161 ὄψοιτο,
1085 3092 1206 3163 ἐλάχιστα
1224 3091 1280 3149 δ’ἀ-

155 3171 284 3231 κούσοιτο,
298 3165 417 3234 ἐλάχιστα
430 3168 547 3233 δ’ἔροιτο,
564 3169 624 3219 Xirr.
643 3188 655 3213 u

187 3241 211 3290 3.
227 3241 331 3289 Tametsi
349 3253 448 3288 versum
470 3240 566 3302 septimi
583 3241 639 3290 libri
661 3239 772 3300 <52>z
787 3259 799 3284 ι(
816 3239 874 3288 Sola
893 3238 990 3289 domum
1013 3244 1038 3289 ct
1061 3243 1141 3288 tantas
1163 3240 1278 3288 servabat

156 3313 207 3361 tilia
221 3311 294 3360 sedes
311 3330 322 3355 »
339 3311 417 3358 minus
433 3316 499 3360 recte
515 3312 596 3360 Herae
613 3312 797 3373 interpretatur,
819 3310 888 3374 quasi
906 3311 936 3359 de
958 3311 1082 3360 umbratili
1098 3310 1213 3359 Laviniae
1228 3311 1277 3358 vita

156 3384 323 3432 tantummodo
336 3383 359 3430 in
374 3383 420 3431 hoc
436 3397 508 3432 versu
524 3389 619 3448 agatur,
647 3388 728 3432 tamen
752 3383 816 3432 haud
839 3383 959 3431 immerito
981 3383 1069 3444 conjici
1095 3387 1175 3446 potest
1193 3382 1279 3444 Vergi-

156 3456 245 3504 lianam
260 3454 386 3502 Lauiniam
401 3452 580 3506 κατάκλειστον
593 3470 665 3518 quam
680 3455 810 3520 plurimum
826 3455 912 3505 fuisse.
928 3455 995 3504 Bene
1010 3453 1145 3504 Comuorou
1160 3455 1176 3502 i.
1190 3453 1214 3502 h.
1231 3468 1254 3502 v.
1272 3469 1278 3502 :

158 3546 170 3571 «
187 3526 309 3575 Servabat
323 3526 428 3586 domum,
444 3527 582 3577 remained
596 3529 625 3577 in
638 3528 683 3577 the
694 3527 782 3588 doure,
799 3543 829 3578 os
844 3528 871 3577 iu
886 3527 927 3589 VI,
943 3527 990 3577 402
1008 3541 1013 3574 :

411 3635 478 3677 Casta
492 3635 543 3678 ticet
556 3636 628 3690 patrui
642 3642 717 3680 servet
728 3635 862 3692 Proserpina
877 3636 953 3679 limen.

157 3733 221 3783 with
235 3747 252 3782 α
265 3732 372 3796 further
391 3736 481 3783 notior
504 3737 537 3797 of
555 3736 706 3800 preseroiop
726 3735 769 3785 the
788 3734 923 3798 family.»
944 3733 1110 3782 Posteriorem
1130 3736 1209 3782 tamen
1230 3747 1285 3781 san·

158 3821 211 3853 sum
226 3805 384 3867 praecipuum
399 3821 453 3855 esse
471 3811 537 3869 puto,
553 3808 590 3856 cui
608 3807 782 3869 superadditur
796 3806 866 3864 illud,
885 3806 949 3853 sicut
964 3819 981 3853 a
995 3804 1102 3869 further
1119 3804 1219 3863 notiori,
1236 3804 1284 3852 La-

157 3876 249 3925 viniam
264 3890 319 3923 esse
333 3875 502 3926 domisedom.
519 3878 554 3927 Ct.
571 3893 654 3939 supra,
668 3893 692 3939 p.
707 3877 761 3936 110,
777 3892 801 3923 n.
818 3877 840 3925 2.

190 3947 212 3995 l.
230 3947 292 3997 Aeo.
310 3947 362 4006 Vll,
377 3948 406 3997 ‘tl
421 3964 473 4012 sqq.
491 3965 497 3997 :
515 3969 526 3993 u
544 3949 653 3997 Lauinia
668 3951 722 3997 sert
736 3963 782 3997 son
796 3948 890 4010 pereo
911 3945 1004 3995 c’aoret
1022 3961 1119 3996 comme
1141 3946 1168 3997 la
1187 3945 1286 3996 certate

159 4022 213 4069 sert
228 4017 252 4066 le
264 4021 376 4081 poutit'e.
394 4036 407 4066 »
423 4021 539 4079 Borssrnn,
555 4020 638 4071 Nouo.
654 4021 773 4069 Promea.
790 4017 916 4080 arabici,
933 4033 958 4081 p.
978 4018 1033 4085 358..

191 4092 214 4139 5.
231 4091 306 4150 Aera,
324 4091 373 4150 Vll,
389 4092 435 4140 387
449 4107 503 4154 sqq.

192 4162 215 4210 6.
232 4163 296 4213 Aen.
315 4162 356 4221 XI,
372 4162 485 4213 ‹nt-480.

192 4234 216 4284 7.
233 4235 346 4282 Wrouna
361 4234 422 4281 male
434 4235 528 4294 judicat
543 4235 677 4284 modestam
691 4249 720 4283 ac
736 4239 844 4296 pacatam
860 4234 976 4283 Lauiniae
990 4233 1098 4283 indolem
1116 4233 1177 4281 male
1194 4234 1286 4281 servari

161 4307 187 4354 in
201 4306 264 4353 Aeo.
280 4304 458 4364 V11,389-391.
477 4305 555 4370 Negat
571 4307 592 4357 J.
615 4307 700 4355 Haunr
721 4306 870 4368 (Aeacidae,
886 4309 903 4355 t.
918 4305 959 4365 111,
976 4321 1001 4370 p.
1019 4304 1135 4367 551-552)
1149 4317 1229 4367 nequa
1243 4305 1287 4352 im-

161 4378 249 4426 merito
259 4391 265 4438 ;
277 4391 332 4425 nam
345 4377 380 4426 ibi
394 4378 487 4440 rapitur
501 4392 515 4426 a
529 4382 605 4427 matre
620 4377 729 4439 Lavinia,
746 4391 824 4441 neque
838 4392 891 4426 eam
906 4379 1006 4442 proprio
1027 4380 1093 4426 motu
1114 4378 1224 4439 egentem
1246 4374 1286 4424 hic

163 4450 222 4500 lacit
238 4448 369 4514 Vergilius.
