2844 4928
148 305 191 388 ,90
281 353 285 360 -
604 319 680 365 raas
704 318 807 365 aaron.

149 500 280 579 ultor¹;
308 519 418 585 neque
443 494 569 561 infidae
595 495 733 580 conjugi
755 493 945 573 maledicit,
972 490 1032 557 sed
1056 491 1155 556 illam
1176 516 1192 550 <r
1215 512 1263 555 co-

149 618 215 685 cat,
240 632 255 667 a
278 604 377 693 quasi
395 605 550 688 ignoscat
575 606 609 666 et
628 600 672 666 ad
692 623 727 667 se
748 600 909 666 miseram
928 597 1181 664 rursus'acciat
1200 597 1264 662 ani·

148 712 319 778 mulam...
352 709 471 798 Neque
509 709 616 774 semel
654 707 829 793 Vergilius
862 705 1051 792 significat,
1091 702 1264 792 quomodo

147 819 314 908 paulatim
341 806 376 882 in
402 815 544 881 Didonis
573 815 687 880 animo
713 813 859 901 Sychaei
885 817 1072 877 renovetur
1100 810 1266 876 memoria

148 924 456 1012 reconcilieturque
484 923 607 1007 gratia.
639 923 726 987 Nam
756 921 901 1007 Sychaei
931 919 1101 985 nutricem
1138 916 1266 983 Barcen

148 1053 188 1097 eo
212 1032 288 1120 ipso
307 1037 462 1120 ternpore
486 1028 618 1093 inducit
642 1050 710 1116 quo
732 1029 800 1092 vim
824 1049 906 1095 suae
926 1027 1016 1091 vitae
1040 1024 1164 1109 regina
1180 1025 1285 1110 jam-¹

144 1137 371 1223 jamillatnra
391 1136 484 1217 est²;
503 1141 535 1201 et
555 1140 608 1201 est
626 1135 747 1200 ultima
764 1134 852 1199 inter
865 1133 1020 1198 homines
1040 1130 1149 1197 Barce
1166 1152 1267 1220 quam

146 1244 236 1311 Dido
255 1245 461 1334 alloquatur.
480 1242 648 1331 Denique,
665 1243 756 1307 inter
773 1242 850 1330 ipsa
870 1267 885 1300 «
908 1239 1094 1307 novissima
1113 1237 1235 1319 verba,
1253 1261 1266 1299 a

147 1350 271 1417 Didoni
298 1352 458 1417 ultimum
483 1350 649 1414 solacium
672 1357 741 1431 est,
764 1346 857 1438 quod
887 1374 902 1407 ι(
924 1367 1055 1436 poenas
1079 1346 1222 1411 inimico
1250 1367 1268 1410 a

144 1459 263 1549 ¹fratre,
287 1458 361 1524 ulta
380 1457 505 1538 circem,
526 1457 706 1544 receperit.
737 1483 752 1516 »

139 1624 142 1629 .
190 1564 326 1654 Duplici
351 1565 457 1649 igitur
477 1562 579 1628 modo
598 1563 634 1627 in
651 1568 774 1651 quarto
794 1561 884 1627 libro
910 1561 1037 1626 fatetur
1063 1563 1181 1648 poeta,
1205 1559 1269 1657 sihi

144 1671 224 1760 ipsi,
254 1671 313 1759 qui
339 1670 458 1736 iecerit
487 1675 686 1762 utrumque,
718 1669 870 1734 Aeneam
898 1666 1024 1758 Didoni
1048 1688 1174 1755 parem
1202 1687 1268 1731 non

146 1778 267 1844 videri.
286 1778 409 1844 Postea
424 1783 539 1842 autem
554 1776 648 1842 idem
668 1775 755 1841 illud
775 1797 877 1864 quam
898 1774 1098 1864 planissime
1117 1773 1156 1838 in
1177 1778 1268 1839 sexto

146 1884 235 1950 libro
257 1889 413 1967 testatur,
435 1883 574 1974 quando
594 1885 627 1948 in
648 1868 777 1947 Inferis
792 1881 987 1950 conversari
1007 1902 1085 1947 cum
1111 1879 1269 1967 Sychaeo

144 1990 316 2072 Didonem
336 1991 446 2077 fingit,
470 1992 568 2077 cujus
587 1989 728 2079 quidem
748 1990 841 2057 solus

485 2194 582 2248 aequat
597 2187 744 2250 Sychaeus
759 2195 888 2234 amorem
897 2183 915 2230 ³.

180 2389 201 2437 1.
221 2389 333 2438 Ceterum
348 2378 417 2451 e'lV',
432 2388 478 2438 457
498 2404 550 2452 sqq.
567 2391 664 2438 videtur
679 2405 751 2452 posse
771 2388 868 2450 conjici,
888 2400 1010 2448 nunquam
1025 2385 1147 2434 Didonem
1166 2385 1269 2450 Sychaei

148 2461 287 2510 memoriam
300 2462 379 2510 colere
394 2461 519 2509 destitisse
536 2475 541 2508 :

426 2578 540 2620 Praeterea
552 2577 592 2620 luit
606 2579 627 2618 in
640 2578 704 2620 tectis
713 2579 740 2619 de
751 2589 860 2620 marmore
875 2577 982 2631 templum

425 2640 525 2694 conjugis
535 2639 626 2692 antiqui,
640 2642 667 2681 mi
673 2653 695 2681 ro
705 2641 762 2694 quod
776 2641 857 2682 honore
872 2641 967 2691 colebat,

425 2702 547 2743 velleribus
560 2703 634 2744 niveis
647 2710 668 2744 et
682 2703 736 2744 festa
747 2705 834 2754 fronde
845 2703 975 2744 revinctum.

131 2806 262 2854 -Haesisse
274 2807 323 2867 jam
339 2807 419 2855 hocin
435 2808 488 2855 loco
504 2807 611 2867 Snavrcn
628 2810 706 2870 ipsam
721 2809 832 2856 videmus
849 2823 854 2856 :
872 2828 883 2852 ι(
901 2809 927 2855 Si
942 2807 1039 2856 amabat
1055 2806 1172 2866 Aeneam,
1190 2807 1272 2870 utique

147 2892 195 2925 non
213 2878 304 2926 coleret
317 2873 463 2926 exstinctum
478 2879 598 2929 interitum.
613 2899 624 2923 υ
641 2880 676 2927 Cl.
694 2879 810 2937 erc'acn,
827 2879 990 2941 Erldr'trunp,
1008 2891 1031 2939 p.
1049 2877 1094 2925 133
1109 2891 1165 2940 sqq.
1185 2878 1273 2940 Expla-

145 2947 286 2996 nandumne
301 2953 345 3007 est,
362 2949 430 3010 qnasi
447 2949 478 2996 sit
502 2963 507 2995 :
527 2969 537 2992 (ι
554 2951 619 3013 qnod
640 2955 710 2998 antra
731 2950 827 2998 colebat
844 2953 876 2998 »t
898 2969 909 2994 e
927 2949 996 2997 Oder·
1009 2946 1093 2997 cellen
1113 2948 1163 2996 wir
1178 2948 1273 2997 curteh-

147 3033 214 3076 men,
229 3017 293 3067 duae
304 3018 387 3077 Dido,
404 3023 471 3068 trote
487 3019 534 3068 der
549 3020 622 3087 Liehe
636 3036 669 3068 zu
684 3021 782 3069 Aeneas
801 3021 857 3070 urrd
876 3024 941 3069 troi:
962 3021 1008 3068 der
1028 3034 1076 3067 non
1092 3025 1193 3068 servata
1213 3020 1273 3068 tides

147 3092 181 3150 (v.
197 3089 261 3151 552),
273 3090 339 3149 doch
355 3092 398 3138 die
409 3090 574 3140 Getcolmhcit
588 3093 699 3155 conjugis
715 3093 828 3154 templum
844 3093 924 3140 colere
938 3091 994 3140 aad
1010 3092 1071 3139 testa
1085 3090 1174 3138 fronde
1189 3093 1273 3140 revin-

148 3158 198 3207 cire
211 3158 358 3210 beibelriet?
375 3180 386 3204 o

180 3229 241 3278 llnic
258 3231 371 3292 equidem
387 3232 495 3293 opinioni
513 3233 617 3281 libenter
639 3233 777 3293 adsentiar;
800 3235 861 3281 satis
875 3234 939 3281 enim
954 3233 1017 3280 Dido
1034 3231 1157 3295 particeps
1174 3238 1213 3281 est
1227 3233 1273 3282 ad·

148 3300 254 3370 lectnnm
268 3301 353 3348 horum
368 3304 408 3365 qui
424 3303 454 3350 ad
469 3305 606 3352 recentiora
625 3308 735 3366 tempora
749 3305 825 3366 magis
846 3306 969 3366 pertinere
988 3304 1114 3365 videntur,
1126 3309 1152 3351 ut
1167 3306 1276 3353 arbitre-

146 3385 201 3418 mur
216 3372 320 3419 animum
335 3374 388 3434 ejus
402 3374 480 3435 plura,
499 3375 536 3422 vel
552 3375 623 3436 plane
639 3376 770 3435 contraria,
789 3391 837 3423 una
852 3375 1003 3423 continuisse
1018 3379 1042 3424 et
1056 3375 1215 3426 conciliasse.

182 3442 205 3491 2.
224 3442 292 3499 Quod
308 3445 415 3491 nutrices
430 3444 533 3492 Didonis
548 3451 571 3493 et
586 3446 689 3508 Sychaei
705 3447 730 3493 iu
745 3447 908 3494 narrationem
924 3460 991 3494 snam
1007 3446 1123 3494 acciverit
1138 3444 1274 3510 Vergilius,

153 3527 226 3579 causa
240 3528 294 3561 esse
310 3519 389 3576 potest
403 3516 459 3577 quia
475 3516 498 3562 in
513 3518 620 3579 antiqua,
636 3518 705 3578 cujus
721 3531 836 3564 suminam
852 3516 1018 3565 tantummodo
1035 3531 1077 3578 per
1091 3516 1216 3566 lustinum
1232 3519 1276 3567 ha-

74 3597 77 3601 *
152 3586 251 3641 hemor,
265 3585 295 3632 de
310 3585 405 3633 Didone
421 3587 484 3649 Tyro
502 3587 617 3648 fugientis
633 3588 722 3649 tabula,
740 3588 842 3635 Didonis
859 3589 940 3635 nutrix
956 3589 1050 3649 aliquas
1066 3593 1148 3648 partes
1164 3591 1275 3649 gerebat.

153 3656 255 3718 (lllama
271 3656 427 3718 l’ygmalione
443 3659 561 3706 sublatam
577 3659 652 3709 luisse
672 3659 773 3707 forsitan
788 3659 874 3720 conjici
891 3663 989 3720 potest).

183 3725 207 3775 3.
226 3725 299 3784 Aen,
318 3726 521 3786 V1,47-t.-Cr.
539 3728 625 3789 Sriros,
643 3731 719 3788 Pura,
736 3729 862 3789 Vlll,1·lt5
880 3744 885 3777 z

406 3845 438 3886 Me
451 3856 537 3899 [proque
551 3845 596 3887 lors
610 3844 669 3887 dulci
682 3845 793 3899 quondam
809 3844 843 3886 vir
860 3850 925 3886 notus
939 3857 1013 3887 eruore

405 3912 524 3962 exspectat,
539 3919 605 3949 curas
617 3909 710 3961 cupiens
725 3919 826 3959 eeqrrare
838 3908 932 3962 priores.

149 3998 234 4079 Minus
249 4012 321 4084 hene,
337 4013 474 4061 autsaltem
490 3999 568 4061 minus
584 4014 690 4076 Vergilio
705 4015 889 4077 convenienter,
905 4015 1014 4077 Ovinius,
1030 4015 1100 4075 Iler„
1115 4015 1157 4064 Vll
1174 4028 1181 4066 ε
1199 4080 1201 4085 .
1247 4000 1272 4063 ¹..

834 4130 848 4173 S
862 4131 929 4172 chaeo

433 4191 461 4233 ad
475 4203 549 4246 quem,
561 4204 598 4233 me
610 4193 732 4244 miseram,
744 4193 816 4245 plena
828 4142 930 4247 paldonis
943 4205 974 4236 eo.

150 4322 185 4354 ,-
201 4297 240 4346 Sic
255 4309 351 4359 quoqne
362 4297 427 4354 ,viam
440 4297 561 4360 Vergilius
576 4300 675 4359 invenit,
692 4315 738 4362 qna
755 4301 846 4348 rediret
860 4301 889 4348 ad
902 4315 983 4349 reram
997 4301 1122 4359 historiam
1136 4301 1166 4351 de
1180 4303 1280 4354 Didone

150 4376 181 4416 'ee
198 4368 349 4417 internitente
361 4374 389 4416 'nt
403 4369 505 4432 Spelraei
524 4371 594 4417 tidem
613 4377 721 4418 servaret
734 4371 783 4432 (Gt.
803 4372 909 4419 Scaurou
925 4374 949 4419 in
964 4373 1038 4432 Aen,
1055 4373 1096 4432 IV,
1111 4371 1157 4440 363
1175 4375 1278 4443 Josrrp„
