2844 4928
572 348 669 396 cirus
695 350 845 397 rrurruu.
1231 327 1280 394 85·

148 522 266 590 minus
285 523 406 590 deceat
421 523 496 610 jam
518 529 690 591 maturam
709 529 820 591 aetate
840 525 1038 605 mulierem,
1058 523 1274 613 eandemque

148 631 326 718 reginam,
351 653 387 698 se
408 632 520 720 ipsam
539 630 606 700 sibi
629 632 720 699 ultro
747 631 878 720 fingere
897 633 933 698 in
952 635 1130 721 posterum
1156 657 1172 691 «
1193 651 1274 697 can-

150 737 236 805 dida
249 738 523 830 permulcentem
541 767 557 802 »
575 739 712 806 Aeneae
734 739 911 830 (tanquam
933 737 1121 805 Ariadnam
1137 737 1273 829 Thesei)

388 1025 436 1039 .....
438 985 562 1053 liquidis
576 986 702 1053 vestigia
715 986 853 1052 lymphis,

148 1209 520 1300 Aeneaeque'leetum
552 1239 569 1274 «
600 1232 756 1301 purpura
786 1215 881 1278 veste
913 1238 928 1273 η
954 1215 1271 1279 consternentem...

149 1317 278 1387 Tantas
293 1323 433 1408 tamque
451 1319 639 1406 flagitiosas
652 1340 769 1385 rerum
780 1341 921 1385 suarum
937 1319 1143 1385 mutationes
1159 1319 1274 1386 auimo

149 1425 225 1494 sine
243 1426 378 1515 pudore
396 1428 596 1516 praecipere
616 1427 870 1494 homericarum
884 1426 1091 1493 feminarum
1104 1431 1177 1510 est;
1196 1431 1275 1493 sunt

149 1531 372 1620 Vergiliauae
391 1534 653 1604 fastidiosiores.

196 1639 246 1707 De
274 1641 458 1731 Apollonio
485 1664 622 1731 quoque
650 1643 800 1709 mutuari
822 1642 953 1731 aliquid
980 1640 1175 1728 Vergilium
1204 1641 1276 1708 ani·

149 1747 369 1816 madveriere
399 1754 466 1832 est,
494 1748 623 1816 scilieet
655 1748 742 1816 illud
766 1749 981 1839 Hypsipylae
1005 1771 1026 1815 a
1054 1748 1180 1816 Jasone
1213 1747 1276 1815 de-

150 1859 316 1924 sertae¹:
831 1867 834 1876 '

373 2000 409 2079 ilyv
425 1998 479 2084 dipsa
494 2000 527 2073 δή
543 2025 577 2079 με
594 2004 650 2060 θεοὶ
665 1999 746 2062 δόωσι
763 2000 895 2062 τεκέσθαι
903 1998 924 2063 ².

152 2242 224 2310 Sed
242 2262 355 2330 neque
374 2239 461 2308 illud
475 2240 544 2307 tale
559 2240 691 2330 profert
706 2241 808 2330 quale
823 2241 965 2307 invenit.
982 2239 1069 2307 Nam
1085 2261 1164 2307 eum
1183 2241 1273 2309 sicco

150 2349 303 2439 quodam
319 2349 509 2415 laconismo
528 2347 593 2414 hoc
614 2347 656 2414 de
677 2347 890 2438 Hypsipylae
910 2369 970 2414 ore
990 2352 1107 2414 votum
1130 2347 1270 2430 excidit,

148 2461 253 2545 atque
280 2460 399 2545 utpote
430 2454 525 2545 quod
551 2478 618 2521 uno
642 2460 776 2521 tautum
801 2454 926 2537 verbo,
958 2459 991 2520 et
1022 2454 1082 2520 illo
1110 2455 1269 2545 proprio,

149 2554 364 2629 enuntiatum
380 2562 435 2643 sit,
456 2561 667 2628 inurbanum
686 2563 801 2628 neseio
816 2562 901 2651 quid
920 2566 954 2628 et
973 2565 1108 2647 agreste
1128 2561 1233 2627 habet
1246 2562 1270 2630 ³.

99 2668 101 2672 ’
147 2669 325 2756 Vergilius
363 2674 482 2736 contra
525 2691 622 2758 spem
662 2668 825 2751 eandem,
864 2668 1022 2758 pluribus
1067 2669 1272 2758 explicatam

147 2776 282 2860 verbis,
312 2799 353 2843 eo
376 2777 451 2866 ipso
480 2780 653 2857 extenuat,
675 2775 839 2864 illamque
859 2775 1017 2864 pariendi
1036 2776 1272 2866 appetentiam

146 2904 218 2948 non
237 2894 446 2976 φυσιολογικῷ,
467 2882 642 2972 Apollonii
666 2883 785 2964 instar,
813 2882 982 2949 vocabulo
1002 2881 1187 2968 signifieat,
1210 2881 1271 2948 sed

146 2988 209 3055 illa
228 2988 396 3078 lepidiora
416 2989 586 3071 mulieriS,
607 2988 816 3076 jamdudum
836 2989 955 3055 matris
974 2988 1097 3071 factae,
1119 2989 1270 3075 imagine

148 3100 305 3161 ornatam
324 3094 555 3162 dissimulati.

182 3317 206 3366 l.
221 3315 247 3364 ld
263 3316 314 3364 iere
328 3329 402 3364 unum
420 3321 471 3376 est,
488 3330 536 3378 quo
555 3315 658 3364 Didonis
680 3330 734 3364 eum
754 3317 838 3365 Aenea
855 3329 922 3365 amor
945 3317 1043 3366 lasonis
1064 3330 1118 3364 eum
1138 3315 1273 3380 Hypsipyle

148 3401 256 3437 amorem
267 3389 302 3451 (ia
317 3389 416 3451 Arpos.
429 3388 506 3450 primo
522 3387 584 3435 libro
596 3389 727 3450 narratum)
741 3389 837 3436 referat.
854 3388 985 3450 Perperam
1001 3388 1145 3446 Camisares,
1159 3387 1271 3448 lotrad„

150 3474 174 3523 p.
191 3473 284 3518 xxxvii,
296 3460 413 3508 imitatum
430 3459 506 3506 fuisse
521 3457 654 3519 Vergilium
670 3458 729 3506 dicit
749 3460 813 3507 hunc
829 3459 908 3508 locum
923 3459 1061 3522 Apollonii,
1072 3459 1168 3507 etiamsi
1185 3459 1272 3508 latetur

148 3531 213 3581 illud
228 3531 317 3579 lactum
332 3526 436 3579 luisse«
453 3531 480 3578 in
495 3544 554 3594 very
570 3530 696 3595 different
710 3529 820 3579 ecloum.
839 3549 850 3574 u

181 3602 206 3653 2.
222 3603 329 3668 Aspen„
346 3602 363 3664 l,
379 3601 434 3652 899.

179 3673 204 3723 3.
220 3673 291 3732 Quod
306 3672 405 3722 Ovinius
416 3672 542 3736 (Heroid,
559 3687 601 3731 vu,
619 3672 672 3736 135)
686 3674 783 3736 repetit,
798 3673 842 3722 sed
856 3677 948 3723 mutata
963 3678 987 3722 et
998 3675 1101 3724 vitiata:

336 3817 439 3860 Forsitan
453 3822 475 3859 et
486 3817 603 3872 gravidam
614 3816 678 3866 Dido,
692 3816 806 3869 scelerata,
819 3816 942 3872 relinquas,

337 3892 433 3936 parsque
446 3881 479 3924 tui
491 3881 556 3923 lateat
566 3891 658 3934 corpore
669 3879 745 3922 clausa
761 3891 816 3921 meo.

150 4014 272 4064 Ovidium
286 4015 361 4077 igitur
375 4014 438 4063 Dido
452 4016 547 4063 metuit
562 4028 592 4062 ne
608 4014 683 4062 illium
697 4017 841 4075 susceptura
855 4013 887 4062 sit
901 4027 931 4061 ex
946 4013 1038 4076 Aenea,
1053 4029 1101 4063 non
1115 4017 1216 4078 sperat.

181 4084 206 4136 4.
221 4085 288 4134 Nihil
306 4086 370 4134 aliud
389 4100 420 4133 ex
434 4084 541 4148 antiquis
555 4085 635 4149 poetis
649 4085 688 4132 his
704 4085 727 4132 in
743 4085 804 4132 loeis
819 4085 843 4132 in
863 4098 913 4133 rem
933 4099 1001 4133 suam
1020 4088 1172 4135 convertisse
1187 4085 1272 4149 Vergi-

150 4158 209 4207 lium
225 4157 342 4217 arbitror,
358 4157 405 4205 etsi
421 4156 522 4219 insuper
537 4158 693 4206 conterantur
712 4171 725 4204 a
741 4155 864 4218 plerisque
878 4158 1109 4206 commentatoribus
1124 4171 1177 4207 cum
1197 4157 1271 4220 Aen„

150 4229 192 4289 lv,
205 4227 319 4289 aro-326,
334 4227 450 4287 534-536,
466 4228 513 4276 loci
528 4231 678 4291 sequentes:

229 4327 314 4386 Sarra,
329 4325 381 4387 El„
395 4325 442 4374 812
457 4340 493 4390 sq.
513 4340 519 4374 ε
540 4327 622 4377 ...Νῦν
638 4326 663 4378 δὲ
678 4335 722 4377 ποῖ
736 4345 766 4381 ue
780 4325 831 4392 χρὴ
847 4329 946 4389 μολεῑν;

539 4399 612 4462 Μόνη
627 4397 674 4463 γάρ
693 4395 751 4462 εἶμι,
767 4417 791 4448 κ.
805 4417 827 4448 τ.
843 4402 867 4450 λ.
