2844 4928
227 309 272 376 81
573 346 574 349 =
687 326 764 373 raas
787 325 891 371 rurou.

226 501 401 570 Bacchum
419 501 535 601 pptius
549 500 792 568 adventantem
806 499 960 566 Ariadna
975 499 1138 566 subaudit
1148 499 1171 580 ¹,
1194 497 1349 565 consola-

226 615 409 698 turamque
442 607 630 677 «melioris
660 607 795 673 mariti²
827 635 843 668 »
874 628 1039 696 pompam
1062 629 1132 673 non
1159 607 1209 672 ita
1227 605 1350 695 procul

228 716 387 806 adspicit.
408 716 528 806 Neque
548 715 670 781 adeo«
692 719 868 781 externata
883 714 995 780 mal0³
1009 742 1025 776 o
1047 718 1110 796 est,
1125 713 1197 780 sive
1218 717 1257 779 ut
1277 735 1350 779 mu-

139 829 141 832 ’
227 823 329 890 lieres
347 823 527 906 universas
548 844 636 912 quoe
657 821 777 887 sintin
798 822 882 887 orbe
901 826 1089 903 terrarum,
1115 821 1222 906 longa
1246 821 1350 886 nimis

228 931 399 1014 oratioue,
428 925 614 996 admonere
645 928 870 1019 supersedeat
883 935 906 1010 ⁴,
939 951 982 994 ne
1007 927 1081 1014 jam
1121 927 1236 995 infidis
1267 928 1350 993 viris

227 1038 417 1122 confidant;
438 1039 509 1104 sive
524 1041 562 1104 ut
580 1037 616 1103 in
633 1036 872 1122 circumjectos
890 1035 1014 1102 fluctus
1033 1057 1255 1125 procurrens·
1279 1034 1351 1101 hel·

226 1146 298 1213 lula
316 1168 407 1212 nunc
427 1147 531 1212 etiam
550 1145 765 1224 muliercula,
786 1166 854 1210 non
875 1143 1008 1210 attollat

551 1339 709 1392 nudatae...
726 1339 875 1405 tegminae
892 1351 978 1391 surae
985 1339 1004 1388 ⁵.

270 1511 323 1578 Ita
335 1511 400 1578 fuit
418 1511 660 1600 mythologicis
680 1512 890 1577 ornamentis
910 1509 1122 1578 circumdata
1145 1509 1206 1574 illa
1225 1507 1350 1576 Minois

225 1618 317 1684 filiae
337 1618 454 1684 labula
471 1623 511 1684 ut
534 1619 624 1684 seria
651 1617 760 1709 videri
785 1639 853 1684 non
874 1618 997 1707 possit,
1020 1639 1083 1683 uec
1102 1637 1220 1682 veram
1244 1615 1351 1685 mise-

224 1725 411 1791 ricordiam
429 1728 657 1807 commoveat,
678 1747 791 1813 neque
808 1723 999 1790 humanum
1019 1727 1127 1789 sonet.

269 1829 383 1897 Unum
398 1837 513 1898 tamen
534 1854 552 1897 e
574 1830 708 1898 Catullo
728 1830 905 1918 Vergilius
931 1829 1147 1919 decerpsisse
1178 1828 1265 1895 mihi
1298 1829 1350 1894 vi-

225 1938 327 2007 detur
348 1960 355 2008 :

350 2132 379 2184 Si
393 2132 445 2183 tibi
460 2145 520 2183 non
535 2131 613 2184 cordi
627 2132 746 2184 fuerant
757 2132 884 2185 conubia
897 2137 999 2185 nostra

394 2216 527 2266 attamen
542 2213 573 2264 in
586 2218 700 2266 vostras
715 2214 838 2278 potuisti
852 2215 957 2266 ducere
971 2213 1065 2277 sedec,

349 2306 424 2358 quae
438 2293 488 2348 tibi
500 2294 631 2358 jucundo
645 2295 804 2348 famularer
819 2308 903 2348 serva
913 2294 1013 2348 labore
1022 2297 1041 2359 θ,
1057 2299 1112 2347 etc.

225 2465 326 2555 Quod
345 2466 485 2557 quidem
505 2489 583 2534 cum
601 2467 670 2533 illis
691 2468 805 2557 quarti
823 2467 904 2533 libri
925 2465 1246 2558 supramemoratis
1266 2487 1348 2532 ver-

221 2573 317 2644 sibus
344 2575 616 2664 eomparandum
640 2580 707 2657 est,
730 2575 790 2642 ubi
815 2596 932 2641 secum
951 2575 1038 2641 Dido
1058 2574 1142 2664 quid
1162 2578 1283 2639 actura
1304 2575 1348 2641 sit

219 2686 385 2771 reputans
422 2681 607 2749 inducitur.
642 2680 743 2763 Quod
770 2687 886 2748 tamen
919 2687 1136 2772 assumptum
1166 2679 1347 2766 Vergilius

217 2809 287 2853 non
308 2789 476 2854 commisit
495 2792 533 2855 ut
557 2789 703 2855 crudum
721 2811 864 2878 prorsus
892 2812 1005 2878 neque
1024 2790 1244 2855 immutatum
1264 2788 1347 2855 red·

218 2892 328 2960 deret.
365 2894 452 2961 Sunt
487 2896 578 2961 euim
618 2895 842 2981 cogitationes
871 2896 1061 2986 quaedam,
1097 2917 1199 2984 quaS,
1232 2896 1347 2964 etsia

215 2999 438 3067 vehementer
474 3007 645 3068 commoto
683 3001 797 3071 animo
840 3002 1025 3084 admissas,
1065 3002 1180 3068 verbis
1222 3007 1345 3071 tamen

216 3107 333 3196 palam
359 3107 515 3196 prolerre
546 3109 600 3174 vix
627 3109 753 3175 audeat
777 3110 902 3200 quivis.
933 3110 1138 3200 Quanquam
1161 3111 1267 3194 igitur
1297 3111 1346 3178 ad

216 3214 331 3279 omnia
350 3218 507 3303 paratam
528 3238 602 3281 esse
622 3215 794 3282 Didonem
809 3217 976 3306 suspicari
996 3217 1095 3282 nobis
1123 3216 1217 3297 licet,
1240 3217 1346 3286 abest

215 3325 331 3387 tamen
350 3326 388 3387 ut
417 3343 542 3388 nomeu
567 3323 690 3390 saltem
716 3324 876 3390 famulitii
903 3346 972 3389 non
998 3324 1159 3406 horreat;
1184 3346 1224 3390 ac
1243 3330 1344 3393 tanto

248 3534 270 3583 1.
287 3533 422 3585 Ouidianae
438 3536 560 3584 Ariadnae
575 3537 656 3600 (Fosi.
667 3538 708 3598 Ill,
724 3538 768 3588 461
785 3538 850 3602 sqq.)
865 3536 1001 3586 Catulliana
1015 3536 1146 3599 persimilis
1156 3539 1210 3584 est:

466 3662 515 3704 Jam
529 3661 584 3704 benc
596 3664 685 3718 periuro
701 3669 798 3708 mutarat
808 3663 902 3718 conjrrge
918 3662 1067 3709 Bacchum...

468 3723 532 3767 Sorte
547 3725 589 3767 tori
601 3727 712 3781 gaudens.
727 3727 784 3778 Quid
798 3726 875 3768 flebam
888 3725 988 3768 rustica?
1001 3725 1068 3778 dixit3

533 3787 619 3831 Utiliter
633 3789 698 3832 nobis
709 3789 807 3845 perfidus
819 3787 857 3832 ille
869 3788 921 3832 luit.

244 3839 267 3888 2.
283 3854 350 3899 mv,
366 3839 421 3889 165.

242 3910 266 3960 3.
283 3925 347 3970 narr,
364 3910 410 3961 143
425 3926 477 3976 sqq.

244 3983 269 4033 l.
284 3981 367 4040 (ivm,
385 3982 552 4043 Her.‚11,79.

244 4055 267 4103 5.
283 4069 348 4115 nxrv,
364 4053 417 4102 130.
433 4082 465 4091 —
479 4054 516 4106 Ci.
534 4057 620 4116 Counr,
636 4055 868 4117 marmoricae,
885 4071 907 4118 p.
925 4055 971 4106 220
981 4072 1029 4120 sq,
1045 4057 1099 4106 233.

244 4125 267 4173 6.
283 4140 349 4188 mur,
365 4126 410 4174 158
427 4141 480 4190 sqq.
497 4155 527 4163 -
544 4128 623 4188 Ennrs,
641 4129 736 4178 Comm.
752 4144 785 4178 on
801 4127 937 4187 Catulino,
956 4144 980 4192 p.
994 4129 1054 4190 311,
1071 4133 1137 4178 recte
1152 4130 1246 4180 conierl
1265 4132 1344 4186 Euar-

214 4212 292 4256 rman,
309 4198 480 4260 lrag.cxrxu1,
496 4199 535 4248 ed.
552 4201 654 4250 Naucr:

338 4323 420 4386 ’Άγου
435 4323 461 4374 δέ
476 4325 513 4384 μ’,
529 4323 549 4375 ὦ
565 4326 624 4390 ξέν’,
640 4327 688 4378 dara
704 4331 848 4391 πρόσπολον
866 4328 940 4386 θέλεις

340 4394 387 4445 εἴτ’
404 4393 507 4461 ἄλοχον,
523 4396 571 4461 εἴτε,
582 4396 708 4462 δμωίδα...
