2844 4928
559 283 656 329 curor
680 282 853 329 srouunou.
1203 260 1267 325 119

191 454 347 545 Denique
367 460 513 522 mortem
528 455 639 546 ipsam
653 457 798 523 Amatae
813 457 968 524 moribus
985 455 1060 544 ejus
1079 477 1268 542 congruam

145 566 250 652 pocta
273 560 395 630 effecit.
425 561 545 652 Neque
572 565 664 630 enim
688 568 862 654 exspectat
884 563 1082 654 praecipitis
1110 568 1144 630 et
1171 567 1269 653 petu-

144 669 249 737 lantis
279 668 409 755 ingenii
433 669 578 753 semina,
612 670 695 737 dum
727 670 794 737 sibi
822 676 935 737 certus
964 670 1122 760 oppressi
1161 669 1269 736 Turni

146 776 289 843 nuntius
309 775 510 846 adferatur:

333 971 446 1037 Regina
461 978 491 1022 ui
504 972 578 1023 tectis
590 971 737 1022 venientem
747 972 877 1037 prospicit
891 972 1020 1025 hostem...
1046 1042 1048 1049 y

334 1050 439 1104 infelix
454 1063 571 1118 pugnae
580 1050 722 1116 juvenem
738 1053 770 1104 in
784 1052 944 1106 certamine
959 1051 1052 1106 credit

335 1131 518 1185 exstinctum
527 1130 567 1184 ¹...

191 1302 328 1370 Interea
346 1303 437 1369 euim
457 1302 568 1369 dolori
588 1301 663 1390 ejus
683 1301 815 1393 aliquid
834 1303 914 1370 novi
929 1302 1085 1386 accessit,
1103 1323 1270 1388 angorem

134 1410 254 1477 ‚animi
272 1408 367 1476 haud
384 1410 530 1476 insontis
551 1409 660 1477 dieo².
685 1409 822 1500 Quippe
843 1432 948 1500 quam
963 1411 1036 1497 jam
1061 1408 1166 1499 paulo
1191 1413 1269 1475 ante

145 1518 378 1584 intelleximus
408 1518 665 1584 miserationem
692 1518 867 1608 quandam
892 1518 1008 1584 subire
1035 1517 1143 1583 cladis
1170 1517 1269 1583 istius

145 1625 182 1691 iu
204 1646 309 1714 quam
330 1651 346 1685 «
368 1625 553 1712 imperium
578 1623 690 1691 Latini
718 1625 951 1715 inclinatoque
980 1625 1128 1691 domus³
1158 1652 1173 1686 »
1196 1624 1269 1710 jam

145 1754 257 1822 prope
287 1735 339 1798 cst
366 1737 403 1798 ut
423 1731 657 1817 demergatur.
681 1729 776 1810 Quae
798 1737 914 1798 autem
938 1730 1036 1822 quasi
1056 1731 1268 1821 poenitentia

144 1841 182 1905 in
203 1839 317 1905 auimo
336 1839 451 1925 gliscit
471 1843 504 1904 et
522 1839 702 1922 increscit;
727 1865 743 1899 «
767 1861 802 1904 se
822 1861 962 1908 causam
984 1865 998 1900 s
1022 1835 1142 1919 credit,
1167 1865 1183 1899 «
1206 1837 1270 1905 cri-

146 1968 296 2035 menque
326 1951 498 2036 caputque
527 1946 720 2012 malornm*
743 1968 750 2028 3
782 1974 797 2008 »
828 1968 976 2036 eumque
1005 1944 1146 2012 taudem
1174 1965 1270 2014 mens

145 2053 252 2134 illius,
278 2057 329 2119 tot
353 2058 387 2118 et
413 2052 517 2118 tantis
544 2052 796 2121 calamitatibus
824 2052 1047 2134 labefactata,
1074 2052 1199 2118 iterum
1222 2051 1237 2116 f
1257 2089 1271 2101 -

145 2160 250 2243 tiscit,
268 2164 311 2242 et,
329 2165 495 2249 tanquam
515 2163 627 2242 antea,
644 2146 817 2242 turbatur,
838 2182 907 2226 non
927 2159 980 2226 ira
999 2159 1072 2227 sola
1091 2163 1171 2225 tuuc
1190 2158 1272 2224 facit

145 2268 333 2349 insaniam,
357 2266 417 2333 sed
438 2271 472 2332 ct
491 2267 635 2333 admissi
655 2272 774 2334 contra
793 2267 942 2334 Deorum
963 2267 1176 2333 voluntatem
1196 2287 1271 2331 ma-

147 2395 287 2463 gnoque
305 2375 450 2443 fortasse
471 2397 550 2442 curn
569 2374 666 2440 latini
687 2375 784 2460 regni
804 2375 1010 2441 detrimento
1025 2373 1157 2462 peccati
1174 2395 1271 2439 cons-

146 2482 283 2548 cicntia.
305 2481 478 2570 Denique,
502 2482 591 2548 sieut
615 2480 790 2569 Vergilius
821 2482 947 2547 mirum
974 2481 1009 2546 in
1034 2479 1176 2546 modum
1205 2479 1270 2547 hoc

148 2587 332 2676 significat,
354 2615 369 2650 «
393 2599 520 2654 moesto
533 2589 653 2676 serore
674 2617 690 2650 »
712 2593 794 2656 tunc
813 2588 1035 2676 occupaturl.
1225 2593 1228 2598 ’

194 2694 278 2761 Cum
299 2695 413 2761 autem
433 2695 557 2760 Amata
573 2694 718 2781 jamjam
739 2717 774 2763 se
796 2694 989 2761 voluntaria
1007 2716 1091 2759 neec
1112 2715 1271 2784 peremp-

147 2806 227 2867 tura
242 2803 265 2884 ⁶,
298 2807 376 2868 ante
402 2801 519 2868 oculos
538 2790 673 2871 nostros
694 2802 866 2884 statuitur,
889 2801 1002 2866 mirati
1029 2804 1107 2866 suut
1129 2799 1271 2889 quidam

181 3042 204 3092 1.
221 3042 294 3101 Aee„
310 3041 363 3103 xu,
378 3041 492 3092 sesses.

181 3113 204 3163 e.
222 3114 299 3174 Aea,
314 3112 504 3174 x11,599-ooo:

521 3229 548 3272 Et
560 3230 637 3272 sabito
652 3235 747 3271 mentem
763 3229 851 3272 turbata
862 3231 941 3274 deiero

416 3305 440 3336 se
454 3305 544 3336 eausam
558 3293 645 3346 elamat,
654 3291 782 3347 crimenque
794 3299 904 3348 caputque
918 3291 1035 3337 malorum.

180 3397 217 3448 Ci.
233 3398 286 3460 Xil,
302 3400 408 3450 est-658
425 3415 431 3449 :

416 3517 525 3570 Praeterit,
539 3516 622 3572 regina,
635 3517 666 3560 tui
681 3517 784 3566 <scilicet
796 3517 887 3570 Turni>
901 3515 1010 3560 fidissima
1024 3514 1103 3558 dextra

413 3579 493 3622 occidit
505 3581 553 3633 ipsa
566 3591 614 3633 sua,
628 3578 743 3634 lucemque
755 3581 872 3622 conterrita
887 3579 950 3634 tagit.

180 3683 233 3744 Quo
249 3700 302 3734 eum
316 3700 388 3734 versu
403 3687 476 3735 istum
491 3687 601 3736 conterre
617 3688 731 3736 idoneum
743 3692 781 3736 eet
796 3702 802 3736 :

417 3803 473 3846 'ium
486 3815 540 3846 vero
555 3803 638 3858 infelix,
651 3803 703 3846 istis
713 3804 838 3858 mannito,
850 3801 912 3846 Dido.

420 3872 513 3909 mortem
528 3871 603 3910 orat...

181 3981 205 4034 3.
222 3983 299 4041 Aen,
314 3981 367 4041 lili,
383 3981 470 4033 58-59.

181 4053 208 4101 4.
224 4055 298 4113 Aen,
314 4053 368 4114 iili,
384 4052 440 4102 600.
456 4079 457 4082 =

181 4126 205 4174 5¹.
220 4128 299 4185 Aea„
314 4125 369 4187 liii,
386 4124 441 4176 601.
458 4125 582 4188 Multaque
596 4140 640 4188 per
654 4129 784 4174 moestum
799 4125 899 4174 demens
913 4123 986 4172 eiiata
998 4123 1126 4186 furorem.

181 4197 205 4246 6.
224 4195 437 4254 Aen.,x11‚603.
454 4197 604 4245 peritissime
624 4198 786 4260 descripsisse
803 4195 939 4259 Vergilium
954 4195 1032 4257 ipsam
1052 4200 1153 4243 mortem
1173 4193 1273 4241 Amatae

150 4269 250 4330 saepius
266 4269 421 4317 observatum
437 4272 482 4316 est.
494 4266 549 4319 Vid.
565 4268 657 4327 Hsunr,
667 4269 807 4326 Aeacides,
827 4271 844 4317 t.
863 4266 892 4325 ll,
908 4264 955 4316 833
969 4266 1021 4330 (qui
1038 4265 1072 4316 ibi
1087 4265 1181 4316 confert
1197 4264 1271 4323 Aen„

149 4339 192 4401 Xl,
209 4339 265 4400 860,
282 4338 384 4406 Georp,
400 4338 441 4397 IV,
458 4338 520 4404 458).

930 3919 1015 3982 (Aea,
1027 3917 1069 3982 IV,
1082 3916 1147 3980 450.)
