2844 4928
153 317 217 384 132
568 342 645 388 raus
669 339 852 386 rosrnmoa.

195 513 326 579 Rursus
357 535 439 579 vero
469 513 610 579 eosdem
634 535 736 579 curae
763 534 839 578 esse
863 513 964 595 vivis,
996 511 1084 603 quid
1112 516 1269 580 necesse?

152 617 317 686 Servetur
331 641 413 685 saue
433 620 637 709 aliquandiu
649 619 799 686 viduitas
817 640 825 688 :
848 619 896 685 sic
921 618 1032 702 decet,
1058 620 1269 710 servavitque

151 724 252 792 Dido.
274 725 396 792 Doleat
419 748 561 816 prorsus
582 725 784 816 aliquandiu
808 726 911 793 vidua
935 725 1062 813 conjux
1084 727 1271 819 :naturale

152 838 215 914 est,
238 839 272 899 et
290 833 366 922 ipsa
384 833 473 901 Dido
497 834 639 921 longum
664 857 729 923 per
747 839 885 923 tempus
905 859 922 894 u
945 855 1052 920 aegra
1074 860 1090 894 n
1111 833 1190 900 fuit.
1213 833 1273 901 Ae·

151 944 289 1006 ternum
308 964 389 1007 vero
412 941 544 1028 lugere,
572 946 817 1030 aeternamque
847 940 1032 1007 observare
1058 940 1270 1020 viduitatem,

150 1047 235 1136 quid
266 1049 396 1114 refert?
427 1046 528 1128 Quod
556 1047 697 1139 quidem
724 1048 909 1126 neminem,
941 1069 1055 1136 neque
1083 1046 1273 1129 defunctos

151 1176 263 1243 neque
294 1155 507 1244 superstites,
536 1156 721 1245 quicquam
743 1155 852 1240 juvet.
881 1154 1103 1244 Respuautur
1128 1155 1191 1244 qui
1214 1155 1276 1221 dis·

151 1261 302 1350 pliceant
327 1263 444 1352 proci;
476 1290 491 1324 «
522 1268 607 1344 esto,
646 1290 662 1323 »
692 1301 736 1310 -
762 1262 899 1331 tametsi
927 1285 945 1328 e
973 1261 1186 1350 petitoribus
1212 1261 1276 1328 illis

152 1369 320 1457 quosdam
341 1391 440 1455 reges
459 1371 577 1451 fuisse,
600 1375 634 1435 et
647 1370 725 1436 illos
746 1373 916 1458 potenteS,
932 1391 1001 1434 non
1015 1369 1089 1434 sine
1104 1368 1277 1435 desiderio

152 1475 302 1565 quodam
322 1477 521 1543 meminisse
532 1477 632 1543 Anna
642 1476 789 1542 videtur.
803 1476 956 1542 -Nunc
965 1480 1082 1541 autem
1094 1475 1209 1559 adest,
1221 1477 1277 1565 qui

152 1583 278 1671 placet,
300 1606 499 1673 quanquam
525 1585 673 1650 exsulet
694 1583 854 1649 omuibus
875 1604 1005 1669 egenus
1028 1604 1035 1650 :
1066 1582 1277 1673 «placitone

152 1690 255 1755 etiam
276 1691 385 1757 amori
406 1718 422 1752 n
444 1712 601 1780 pugnare
621 1691 745 1756 rationi
766 1695 1033 1756 consentaneum
1053 1693 1135 1757 est?

197 1797 316 1886 Neque
341 1798 385 1864 ab
414 1798 522 1864 altero
547 1797 709 1883 conjugio
728 1818 798 1862 non
818 1795 1062 1862 abstinendum
1092 1801 1278 1887 propterea

150 1905 389 1971 tantummodo
415 1910 533 1971 censet
552 1905 662 1984 Anna,
686 1903 778 1992 quod
799 1909 954 1969 materna
978 1902 1105 1969 Didoni
1132 1905 1277 1970 felicitas

148 2011 226 2097 jure
248 2012 401 2101 exoptari
422 2011 548 2101 possit3
571 2010 632 2076 sed
653 2015 686 2075 et
704 2010 771 2075 elia
791 2032 929 2099 quoque
949 2009 1039 2075 vitae
1058 2001 1195 2096 gaudia
1214 2032 1277 2077 non

151 2118 373 2206 dedignanda
392 2118 606 2185 arbitratur:

336 2313 394 2364 Nec
408 2311 510 2363 dulces
527 2315 622 2375 natOS,
645 2311 753 2363 Veneris
766 2325 814 2361 nee
824 2311 948 2376 praemia
960 2296 1066 2361 norist

150 2482 414 2570 Pyrrhonizanti
433 2481 475 2547 de
496 2482 630 2548 animae
648 2480 905 2546 immortalitate
925 2479 1063 2565 virgini,
1086 2480 1277 2572 subepicu·

149 2611 248 2656 reum
269 2589 455 2678 quoddam,
477 2593 516 2655 ut
534 2590 581 2655 ita
606 2587 730 2670 dicem,
756 2588 870 2654 inesse
895 2609 1034 2678 quoque
1059 2587 1173 2655 voluit
1197 2589 1277 2657 Ver·

149 2697 264 2783 gilius.

158 2834 160 2839 ·
193 2803 268 2870 Non
288 2808 403 2869 tamen
428 2802 514 2868 adeo
539 2808 576 2868 ut
604 2823 742 2867 omnem
767 2801 1046 2890 superstitionem
1073 2803 1274 2871 excusserit.

147 2910 270 2979 Inleris
290 2910 361 2976 Diis
378 2911 484 2996 justa,
503 2909 603 2977 solito
623 2908 665 2974 de
682 2931 790 2983 more,
812 2910 931 2998 utique
947 2907 1183 2997 persolvenda
1203 2932 1275 2977 esse

148 3024 275 3085 censet.
295 3016 429 3084 Sufficit
447 3018 609 3083 nimirum
629 3015 726 3097 illud,
749 3016 872 3082 «Deos
892 3038 1034 3105 poscere
1056 3017 1198 3083 veniam
1211 3018 1234 3101 ²,
1258 3045 1272 3078 n

148 3130 182 3192 et
200 3147 408 3215 praecavere
430 3129 466 3190 ut
484 3125 678 3214 placentur,
701 3123 730 3189 si
749 3123 876 3212 quibus
905 3143 1026 3189 eorum
1048 3122 1201 3190 fortasse
1224 3125 1275 3191 vi·

147 3231 295 3299 duarum
316 3232 506 3298 constantia
526 3230 621 3297 cordi
641 3231 695 3297 sit.

190 3340 378 3428 Postquam
393 3360 476 3404 vero
492 3338 634 3404 Didonis
650 3337 800 3403 animum
814 3336 914 3404 Anna
930 3363 946 3398 α
965 3335 1063 3403 dictis
1074 3337 1242 3421 incendit,
1258 3365 1273 3401 n

149 3474 165 3508 u
187 3447 432 3535 labantemque
469 3445 571 3513 solvit
593 3444 776 3535 pudorem,
810 3471 825 3505 u
852 3444 1002 3510 rationes
1029 3466 1170 3533 quoque
1200 3468 1275 3513 mo·

147 3555 278 3643 desque
309 3554 340 3619 ei
369 3553 606 3618 subministrat
626 3551 752 3640 quibus
777 3557 929 3617 amatum
948 3551 1089 3619 heroem
1117 3553 1153 3618 in
1181 3575 1275 3621 emo-

146 3683 220 3730 rcm
241 3661 294 3727 sui
313 3659 465 3726 inducat,
487 3658 608 3725 Paucis
636 3659 753 3746 itaque
779 3658 895 3723 verbis
920 3659 1030 3724 sorori
1058 3656 1275 3729 demonstret

145 3774 179 3835 et
198 3769 297 3858 quasi
317 3767 468 3833 delineat
483 3765 610 3855 quibus
626 3769 741 3830 utatur
757 3785 945 3830 sermones.
965 3762 1113 3831 Unicum
1128 3767 1273 3855 quidem

145 3877 176 3942 ei
205 3874 405 3965 suppeditat
428 3874 528 3939 Anna
561 3875 817 3958 argumentum,
849 3871 910 3937 sed
938 3870 1091 3938 breviter
1121 3875 1275 3942 ostendit

176 4116 198 4167 l.
214 4115 255 4174 IV,
270 4115 310 4165 33.
333 4142 363 4151 —
382 4114 446 4165 Male
470 4114 613 4161 Panaenum
633 4117 657 4160 et
679 4111 777 4173 quidam
794 4112 856 4161 alii:
879 4131 890 4155 «ι
909 4112 964 4161 Nati
979 4112 1063 4162 dulces
1083 4118 1141 4162 sunt
1164 4117 1276 4178 praemia

144 4187 256 4239 Veneris.
272 4207 284 4230 n
297 4188 363 4235 Bene
379 4187 470 4238 Hanni.
487 4184 626 4243 Aeneidos,
642 4187 659 4232 t.
676 4182 705 4239 ll,
717 4198 740 4245 p.
758 4183 823 4234 580:
842 4203 853 4228 ιι
870 4183 972 4233 Veneris
988 4187 1097 4247 praemia
1108 4185 1132 4234 ia
1147 4191 1195 4236 not
1211 4202 1274 4238 anc-

145 4259 205 4309 ther
218 4262 290 4322 form
304 4261 336 4320 of
347 4259 431 4307 dulces
447 4261 524 4313 natos,
541 4255 587 4303 but
598 4269 615 4303 α
629 4253 791 4303 substantioe
807 4255 920 4318 thoupltt
935 4255 1056 4304 :neither
1072 4254 1205 4321 children,
1228 4275 1275 4310 nor

146 4331 189 4381 tte
202 4329 336 4392 plausores
352 4331 385 4390 os
395 4327 458 4377 love.
477 4347 488 4371 »
501 4328 560 4374 ltrm
578 4331 601 4373 et
617 4325 737 4381 Waoseu,
755 4324 880 4386 Formosa,
899 4326 1010 4382 Reuersr,

174 4402 198 4453 2.
214 4402 256 4464 lV,
271 4401 301 4450 50
316 4416 322 4452 :
336 4402 372 4451 'l‘u
384 4399 459 4450 modo
473 4411 547 4464 posce
559 4397 624 4447 Deos
640 4396 765 4450 veniam...
