2844 4928
184 307 249 371 rao
600 329 677 374 raas
700 330 882 376 rosrrurou.

185 501 465 567 «macerrimum
484 508 518 568 et
544 503 822 571 litorosissimum
853 533 869 566 ι
897 501 1107 592 judicaverit
1135 504 1299 571 Aeneas¹.

181 606 307 672 Amata
332 608 440 694 igitur
462 608 674 700 Laviniaque
698 610 912 701 Camillaque
939 610 1202 700 suppeditatur,
1226 633 1302 677 eon·

182 713 285 797 cedo,
307 715 353 780 ab
372 717 521 807 antiquis
540 716 696 804 Vergilio
714 718 873 795 fuerunt,
895 717 956 784 sed
976 718 1145 784 hactenus
1163 723 1203 783 ut
1221 718 1303 785 nihil

181 820 277 886 aliud
302 845 407 912 quam
436 830 579 891 eventus
608 825 735 892 adeas
763 827 991 916 pertinenteS,
1017 829 1051 891 et
1070 825 1150 890 illos
1169 825 1253 891 exili
1274 830 1304 892 ct

181 930 319 995 concisa
333 930 502 997 brevitate
521 933 706 1022 expositos,
723 955 763 999 ac
777 933 893 1023 potius
908 953 1136 1022 personarum
1150 933 1300 1031 nomina,

181 1059 285 1125 quam
308 1037 512 1127 explicatam
537 1040 615 1106 lusa
639 1063 679 1107 ac
707 1041 845 1129 copiosa
866 1040 1099 1129 descriptione
1128 1039 1300 1127 indolem,

179 1142 261 1210 inde
280 1144 406 1212 ducere
424 1147 662 1214 tantummodo
681 1147 845 1237 potuerit.

224 1252 293 1318 Aut
313 1253 342 1318 si
362 1275 450 1342 quae
475 1253 510 1319 in
534 1253 736 1320 Latinorum
762 1254 890 1321 fabulis
916 1258 1012 1320 extra
1039 1254 1137 1319 illam
1166 1254 1303 1321 solitam

180 1357 370 1425 siccitatem
389 1362 542 1450 reperire
562 1367 665 1443 esset,
685 1362 768 1427 talia
792 1362 930 1450 saepius
956 1360 1062 1427 fuisse
1091 1361 1300 1445 credideris,

180 1467 350 1556 equibus
374 1469 508 1533 nullum
535 1468 686 1535 fructum
708 1469 986 1554 elegantissimus
1011 1469 1302 1558 cautissimusque

178 1574 328 1663 scriptor
368 1576 598 1665 perceperit².
640 1575 742 1657 Quod
777 1575 918 1664 quidem
955 1576 1110 1662 intellegi
1142 1582 1302 1665 potesta

178 1680 328 1768 quadam
348 1682 477 1765 tabula,
500 1705 520 1748 a
539 1681 714 1749 nonnullis
739 1683 911 1750 historicis
940 1688 1149 1764 memorata,
1171 1683 1217 1749 de
1242 1684 1301 1749 im·

178 1790 271 1854 mani
296 1791 441 1856 Amatae
466 1792 622 1858 saevitia.
650 1789 786 1880 Quippe
807 1797 938 1879 quam³
963 1790 1051 1857 duos
1081 1789 1174 1856 filios
1202 1813 1298 1873 suos,

178 1897 257 1985 quia
277 1899 367 1985 patri
380 1898 536 1963 faverent
554 1896 732 1963 Lauiniam
752 1899 890 1964 Aeneae
902 1903 1050 1987 nuptum
1065 1897 1206 1980 daturo,
1223 1920 1300 1988 pro

176 2004 252 2092 pria
272 2026 376 2071 manu
394 2005 633 2087 trucidavisse‚
655 2005 760 2070 immo
783 2006 1031 2070 excaecavisse.
1050 2005 1197 2071 Tantam
1219 2027 1298 2071 sane

175 2109 347 2178 feritatem
368 2134 436 2177 non
456 2114 583 2179 mirum
602 2112 869 2179 estalenissimo
885 2111 1182 2178 ethumanissimo
1196 2119 1299 2202 poeta

179 2220 359 2299 omissam,
387 2241 465 2285 cum
493 2221 651 2309 insuper,
682 2259 727 2269 —
754 2220 855 2285 sicuti
883 2219 972 2285 inira
1000 2219 1298 2286 demonstraturus

177 2346 265 2408 sum,
287 2327 514 2417 —quicquid
534 2327 708 2393 horridius
737 2327 802 2392 fuit
820 2349 840 2393 a
858 2328 1028 2416 poematis
1055 2326 1108 2392 sui
1135 2327 1194 2394 vel
1221 2349 1298 2418 pro

176 2435 300 2523 posito,
321 2434 378 2500 vel
396 2435 509 2501 colore
530 2434 717 2501 abhorrere
737 2434 986 2524 sapientissime
1007 2434 1150 2500 sentiret
1161 2435 1183 2500 ⁴.

220 2541 339 2631 Neque
360 2565 439 2608 vero
461 2542 580 2609 Graeci
600 2543 787 2630 quicquam
806 2541 974 2630 praebere
997 2540 1149 2625 Vergilio
1173 2547 1296 2631 potue-

174 2654 265 2729 runt,
297 2671 365 2738 quo
396 2648 542 2714 vividius
570 2649 756 2713 Amatam⁵
785 2653 844 2714 aut
868 2647 1047 2714 Lauiniam
1076 2647 1293 2736 depingeret.

177 2755 341 2835 Quamvis
361 2757 452 2821 enim
472 2755 579 2821 multa
599 2756 698 2820 nobis
724 2754 879 2820 desirate
904 2755 1113 2822 Graecorum
1143 2756 1197 2820 vel
1223 2757 1294 2845 epi-

176 2864 223 2928 cis
244 2862 298 2928 vel
316 2863 456 2948 tragicis
471 2862 699 2951 poematibus,
717 2869 830 2926 tamen
846 2884 909 2950 per
921 2861 1135 2943 scholiastaS,
1154 2884 1295 2952 excerp-

206 3114 228 3164 1.
246 3115 293 3175 lip.
310 3112 416 3160 servan
433 3112 458 3160 in
473 3111 537 3160 Aen.
554 3111 572 3170 l,
587 3111 611 3160 Ἰ.

205 3187 227 3236 2.
244 3185 371 3234 Habebunt
387 3184 460 3230 iidem
480 3184 592 3231 Ausones
613 3188 684 3245 atque
703 3183 855 3246 Aborigenes
875 3183 968 3232 tabulas
989 3187 1014 3230 et
1032 3183 1187 3230 narrationes
1203 3198 1292 3236 suus...

174 3258 218 3306 sed
233 3258 288 3319 ipsa
301 3256 435 3317 argumenti
458 3256 555 3303 tristitia
574 3260 615 3303 aut
632 3254 746 3303 foeditate
761 3256 891 3315 notabiles,
909 3259 935 3303 ut
952 3255 982 3302 de
997 3253 1060 3302 Caco
1077 3254 1184 3313 iatronp.
1204 3255 1288 3320 itaqua

175 3329 249 3378 italici
264 3328 337 3391 mythi
353 3327 423 3388 longe
438 3341 452 3374 a
467 3341 569 3389 graecae
592 3326 686 3374 tabulae
709 3328 831 3375 suavitate
846 3328 942 3375 absunt.
960 3345 971 3369 a
987 3326 1078 3386 Huius,
1095 3325 1232 3375 uacet-sus
1256 3328 1291 3377 ad

175 3400 219 3448 lib.
234 3415 276 3451 vu.

204 3473 228 3522 3.
245 3473 347 3519 Snavrus
364 3470 389 3518 in
402 3470 510 3518 Aenetd.
527 3468 578 3528 Vll,
594 3469 633 3518 51.

204 3545 228 3593 li.
247 3545 280 3592 De
295 3542 442 3606 quibusdam
455 3555 551 3603 quoqne
567 3541 656 3589 tabulis
668 3541 699 3589 ad
713 3540 836 3588 Lavinium
852 3541 1038 3604 pertinentibus,
1055 3556 1069 3588 a
1092 3539 1200 3604 Vergilio
1216 3556 1292 3605 repu-

173 3617 254 3673 diatis,
271 3615 321 3663 vid.
338 3611 445 3661 intrude
462 3612 580 3661 Lauinia.

204 3689 227 3736 5.
243 3686 378 3733 Cosasarou
395 3684 423 3730 tn
436 3683 511 3739 Aere,
528 3682 578 3740 Vll,
598 3681 645 3730 385
660 3696 665 3728 :
683 3702 694 3725 a
710 3681 770 3729 rtis
789 3680 947 3744 description
963 3683 995 3744 os
1005 3680 1115 3730 Baccttic
1133 3683 1222 3744 orpics
1241 3682 1295 3732 and

172 3762 264 3823 trenay
277 3759 299 3804 ic
314 3753 462 3819 altapethcr·
475 3752 552 3817 precli
569 3754 624 3802 and
638 3752 776 3817 snppested
795 3751 909 3813 hysarae
930 3752 1007 3817 praetr
1028 3751 1108 3809 work,
1122 3752 1189 3800 auch
1204 3768 1235 3802 aa
1254 3754 1295 3804 tie

172 3830 291 3879 Bacchae
305 3830 338 3891 of
348 3826 518 3890 Euripides.»
531 3825 666 3883 Quitamen
681 3827 817 3886 opportune
832 3824 901 3872 addit
916 3838 921 3870 :
939 3844 950 3867 ι(
969 3823 1018 3872 The
1033 3823 1214 3872 Bacchanalia
1227 3839 1296 3874 were

169 3899 325 3951 introduced
340 3900 395 3946 into
410 3899 474 3945 Boin
489 3899 558 3960 from
573 3894 698 3944 southern
717 3894 788 3958 Italy
806 3893 917 3959 throaptr
933 3896 1053 3946 Etruria.
1071 3913 1082 3938 u
1098 3894 1134 3943 lta
1151 3896 1217 3943 enim
1240 3911 1295 3944 cen-

172 3975 220 4022 auit
235 3974 323 4028 Harsa,
340 3972 448 4018 Errare
464 3970 494 4017 ad
511 3970 552 4016 lib.
572 3968 621 4028 vii,
638 3988 648 4011 a
666 3981 718 4016 cum
735 3967 788 4014 aliis
799 3967 993 4029 graecisritibus
1005 3983 1033 4015 ae
1045 3966 1208 4028 religionibus
1222 3969 1295 4017 etiam

171 4060 241 4094 sacra
256 4044 375 4091 bacchica
389 4043 413 4090 in
428 4042 519 4089 ltaliam
534 4041 601 4088 iliata
615 4053 716 4099 esse;..,
738 4039 801 4086 inter
816 4038 932 4087 Etruscos
946 4038 1045 4100 quidem
1060 4042 1084 4086 et
1102 4037 1160 4085 hinc
1176 4051 1223 4100 per
1238 4039 1295 4088 reli·

171 4131 242 4180 quam
257 4116 347 4163 ltaliam
360 4115 409 4175 jam
421 4113 480 4161 s‘atis
495 4113 601 4175 antiquis
615 4110 766 4173 temporibus
776 4123 804 4157 ea
822 4123 892 4158 sacra
907 4113 1005 4171 recepta
1021 4110 1104 4157 tuisse.
1119 4128 1130 4151 »ι
1144 4108 1208 4158 Fieri
1219 4110 1296 4174 igitur

171 4192 251 4251 potest
265 4186 329 4248 qnod
347 4186 370 4233 in
385 4185 458 4233 latina
473 4184 502 4231 de
517 4183 602 4231 Amata
618 4182 699 4230 tabula
715 4180 902 4229 Bacchanalium
918 4181 1008 4228 mentio
1023 4181 1086 4228 iacta
1103 4180 1186 4232 tuerit.
1203 4208 1233 4218 -
1250 4181 1296 4231 Co·

169 4274 280 4317 uisuros,
294 4259 321 4306 in
337 4257 399 4305 rien.
417 4255 471 4316 XII,
487 4256 517 4303 55
532 4269 584 4317 sqq.
605 4274 616 4298 ι(
636 4254 682 4302 The
697 4252 848 4315 conception
863 4254 896 4315 of
906 4253 1004 4300 Amata
1019 4252 1074 4299 and
1088 4251 1136 4300 lter
1153 4252 1259 4303 suicide
1274 4254 1297 4302 ir

169 4330 246 4379 march
261 4344 331 4378 more
346 4330 374 4377 in
389 4329 432 4377 the
448 4328 527 4391 spirit
539 4329 571 4390 of
581 4327 625 4376 the
640 4323 718 4389 preetr
734 4323 846 4388 trapedy
859 4322 922 4372 titan
937 4325 964 4371 in
981 4324 1040 4372 that
1056 4325 1088 4386 af
1101 4323 1204 4374 Homer.
1220 4343 1232 4370 n
1245 4326 1296 4376 ορ.

169 4402 367 4452 monstrationem
380 4401 533 4464 conjecturae
549 4400 610 4446 istae
625 4398 760 4460 requirunt,
777 4410 838 4458 quae
854 4398 932 4444 tamen
949 4395 988 4443 iiic
1004 4394 1166 4444 desideratur.

132 4612 262 4650 Q
