2844 4928
248 304 287 370 ro
694 321 778 371 rans
803 327 906 372 aaron.

245 500 369 565 merito
396 498 445 588 (ut
470 520 547 566 mea
575 498 642 565 lert
662 500 790 589 opinio)
822 502 934 567 visum
955 501 1039 581 est¹,
1062 521 1174 588 neque
1195 499 1364 584 Naevius,

244 629 357 697 neque
377 606 507 672 Ennius
535 615 655 672 auctor
680 607 745 672 fuit
767 606 933 691 Aeneam,
957 612 1149 696 autequam
1173 609 1209 672 in
1228 605 1368 674 Latium

243 714 451 804 perveniret,
465 712 509 777 ad
520 711 690 778 Didonem
706 711 900 796 divertisse,
915 698 1078 803 quoniam
1098 718 1243 802 uterque
1263 719 1368 803 poeta

246 847 262 882 «
293 819 415 886 eodem
443 818 545 910 plane
575 842 665 886 anno
692 820 838 887 Romam
868 826 901 888 et
931 820 1175 906 Carthaginem
1209 821 1368 887 conditas

242 927 348 993 fuisse
369 947 585 994 asseverasse
605 925 764 994 videatur
781 955 797 989 i>
812 928 834 994 ².
853 928 962 994 NuDa'
970 929 1077 1013 igitur
1093 950 1131 993 ex
1148 949 1268 993 eorum
1282 950 1369 1018 ope-

243 1034 339 1101 ribus
368 1033 514 1123 quodvis
541 1033 691 1100 ducendi
712 1033 865 1121 Vergilio
893 1058 976 1101 ansa
1000 1035 1075 1100 fuit.
1097 1034 1210 1124 Atque
1230 1036 1369 1120 gravis·

243 1141 338 1207 simis
362 1138 506 1207 Luciani
530 1139 687 1207 Muelleri
715 1142 758 1208 de
782 1141 848 1208 hoe
872 1143 1086 1229 argumentis
1106 1141 1193 1207 illud
1212 1141 1368 1229 adjicere

243 1247 328 1314 mihi
355 1248 458 1314 liceat
482 1271 489 1316 :
513 1270 591 1313 cum
610 1249 644 1314 iu
670 1251 916 1316 commentario
940 1249 1103 1316 Aeneidis
1129 1247 1269 1315 Servius
1291 1249 1371 1315 dili·

242 1356 443 1441 gentissime
475 1354 628 1422 indicare
657 1355 788 1422 soleat³
814 1373 1052 1446 quaecumque
1080 1379 1099 1421 a
1137 1354 1276 1421 Punicis
1307 1360 1369 1422 aut

231 1461 434 1537 ,Annalibus
453 1462 620 1528 translata
640 1464 707 1528 sint
732 1464 768 1528 in
787 1463 989 1544 Aeneidem,
1021 1467 1124 1552 atque
1154 1485 1194 1529 ea
1217 1462 1272 1527 vel
1301 1463 1368 1528 mi-

242 1570 347 1650 nima,
370 1572 465 1634 tanto
484 1570 595 1654 magis
613 1569 641 1635 si
659 1591 747 1658 quae
768 1568 810 1636 de
831 1568 964 1636 Didone
984 1571 1086 1660 plura
1106 1575 1144 1647 ¹et
1162 1569 1324 1654 graviora
1347 1592 1369 1635 a

244 1675 375 1740 Naevio
401 1680 435 1741 et
460 1676 571 1742 Ennio
597 1681 773 1744 mutuatus
802 1675 976 1768 Vergilius
1003 1677 1141 1759 fuisset,
1163 1697 1205 1741 ea
1225 1673 1369 1742 Servius

244 1782 342 1847 utilia
367 1782 459 1848 furta
481 1784 687 1872 patefacere,
710 1783 866 1873 illudque
887 1781 932 1849 ad
950 1783 1118 1870 majorem
1137 1787 1260 1872 poetae
1282 1804 1368 1849 suae

244 1889 403 1976 gloriam,
426 1911 577 1978 aequum
597 1891 818 1957 censuisseti.

288 1994 357 2062 Sed
377 2002 411 2063 et
429 1996 594 2064 historica
612 2019 750 2087 quoque
769 1997 923 2085 Vergilio
944 1997 1063 2063 aderat
1082 1995 1125 2062 de
1145 1996 1277 2063 Didone
1297 2002 1370 2064 tra-

243 2103 326 2169 ditio
339 2104 362 2169 ⁵.
386 2102 498 2184 Quam
516 2109 555 2170 ut
573 2104 712 2171 abunde
736 2106 975 2188 aestimemus,
998 2126 1108 2194 eaque
1127 2103 1369 2171 discernamus

274 2309 297 2358 1.
315 2308 360 2370 la,
377 2309 486 2368 Eunias,
501 2324 527 2373 p.
545 2310 590 2359 147
604 2324 652 2374 sq,
669 2309 716 2360 150
730 2325 794 2374 sqq,;
808 2311 880 2360 Dani
891 2314 916 2360 et
930 2311 1012 2360 Naeui
1022 2309 1081 2369 rel,
1093 2309 1134 2359 ubi
1148 2323 1236 2372 supra;
1248 2308 1368 2370 Senensis,

273 2452 297 2502 2.
316 2453 343 2501 L.
360 2452 482 2512 Mrmmm,
497 2452 568 2501 Enni
582 2454 607 2502 et
619 2452 699 2501 Naevi
711 2452 798 2518 reliq,
814 2469 839 2516 p.
856 2469 915 2502 xxiv
932 2468 938 2501 ε
955 2473 966 2498 «
983 2452 1015 2502 Ut
1029 2455 1124 2501 constat
1140 2451 1258 2500 Naevium
1274 2451 1370 2514 pariter

243 2528 315 2585 atque
339 2524 442 2571 Ennium
463 2523 558 2572 dixisse
577 2523 704 2572 Romulum
719 2524 817 2572 Aeneae
831 2539 861 2572 ex
882 2525 932 2573 iilia
946 2529 1073 2587 nepotem,
1089 2526 1191 2585 apparet
1210 2536 1240 2570 ne
1256 2524 1369 2585 potuisse

242 2595 341 2657 quidem
354 2595 406 2642 lieri
422 2596 502 2643 utilia
517 2595 608 2643 faceret
622 2595 730 2642 Aeneam
744 2595 910 2644 devertentem
925 2596 955 2643 ad
968 2595 1041 2653 Dido,
1051 2596 1071 2642 si
1087 2594 1159 2642 modo
1174 2598 1198 2642 et
1213 2594 1266 2655 ipse
1279 2594 1369 2658 eodem

242 2680 306 2714 auno
322 2666 421 2714 Romam
436 2671 460 2714 et
475 2665 647 2728 Carthaginem
661 2665 763 2715 tradidit
778 2666 911 2718 conditam,
929 2685 941 2710 a
959 2666 1062 2714 Versum
1078 2669 1157 2714 autem
1170 2665 1255 2713 Naevii
1272 2664 1367 2714 Didoni

242 2738 341 2799 saepius
355 2737 505 2799 adscriptum
517 2752 523 2784 ε
535 2757 547 2782 a
565 2737 656 2786 blande
671 2742 694 2785 et
708 2737 779 2786 docte
794 2742 933 2800 percantat,
946 2752 993 2800 quo
1007 2741 1082 2798 pacto
1097 2737 1180 2784 Aenea
1195 2735 1285 2784 Urbem
1302 2736 1369 2784 Tro-

239 2809 289 2871 jam
302 2808 441 2870 linquissel‚
459 2826 471 2852 »
487 2809 564 2856 Latini
581 2808 647 2871 regis
663 2809 768 2856 Aeneam
785 2809 889 2872 benigne
905 2809 1048 2870 accipientis
1059 2809 1135 2857 verba
1149 2821 1204 2855 esse
1213 2807 1240 2854 L.
1253 2807 1370 2856 Musicen

239 2879 343 2940 judicat.
370 2878 418 2942 (Cf.
445 2879 475 2926 de
496 2893 583 2927 versus
607 2880 678 2928 istius
704 2880 840 2940 disceptato
855 2884 922 2928 textu
943 2880 1053 2928 eumdem
1071 2881 1197 2936 Massiua,
1213 2879 1238 2926 in
1259 2878 1370 2928 editione

241 2950 314 2998 Nonii
330 2951 450 3011 Marcelli,
466 2951 504 2998 De
522 2951 704 3013 compendiosa
720 2951 852 3010 doctrina,
866 2956 884 3002 t.
902 2951 920 3013 l,
936 2966 961 3014 p.
979 2950 1025 3000 537
1040 2955 1065 2999 et
1079 2955 1096 2998 t.
1113 2949 1142 3008 li,
1160 2965 1184 3012 p.
1200 2949 1251 3012 85.)

274 3023 305 3069 At
317 3022 380 3069 enirn
393 3022 440 3069 uisi
456 3023 562 3070 Naevius
577 3021 727 3085 Enniusque,
744 3024 784 3071 alii
800 3027 866 3072 certe
881 3024 1002 3071 finxerant
1017 3023 1135 3070 Didonem
1150 3022 1199 3085 (vel
1219 3021 1323 3084 Annam)
1340 3037 1368 3071 se

243 3094 339 3141 Aeneae
363 3107 444 3142 amore
470 3094 641 3156 conjunxisse,
663 3098 725 3143 teste
744 3094 853 3144 Varrone
877 3095 942 3156 apud
969 3093 1090 3142 Servium.
1107 3091 1196 3140 Verum
1220 3092 1303 3141 labala
1324 3092 1370 3142 illa

243 3166 342 3212 tractari
358 3165 396 3212 vel
418 3166 499 3226 potius
522 3165 602 3212 obiter
622 3167 742 3213 enuntiari
765 3181 814 3214 non
836 3166 915 3227 potuit
934 3165 982 3212 uisi
1004 3179 1018 3211 a
1038 3165 1130 3211 minore
1151 3164 1317 3211 tantummodo
1338 3180 1368 3214 ac

243 3235 392 3297 perobscura
407 3240 488 3297 poeta,
504 3236 573 3296 cujus
590 3249 620 3283 ne
636 3249 723 3283 nomen
738 3237 837 3299 quidem
857 3236 887 3282 ad
907 3249 951 3282 nos
968 3235 1124 3296 pervenerit;
1141 3235 1315 3282 —autetiam
1335 3249 1369 3284 ue

244 3307 336 3368 scripta
347 3306 446 3369 quidem
466 3307 526 3371 suit,
545 3305 590 3354 sed
605 3307 630 3354 in
647 3306 790 3368 vulgaribus
804 3320 832 3354 ac
847 3305 971 3368 religiosis
985 3305 1075 3352 fabulis
1095 3309 1208 3352 contenta
1224 3304 1271 3354 luit
1286 3305 1368 3355 donec

242 3377 300 3425 inde
316 3391 367 3425 earn
383 3376 506 3439 Vergilius
520 3382 625 3425 erueret.
640 3377 728 3440 Utique
745 3378 827 3440 igitur,
843 3381 867 3425 el
883 3376 997 3423 utrolibet
1011 3390 1025 3422 a
1039 3375 1104 3422 fonte
1122 3375 1243 3437 Vergilius
1259 3375 1366 3425 Didonis

243 3462 297 3495 curn
306 3448 392 3496 Aenea
407 3462 512 3497 amorem
525 3449 628 3510 accepit,
644 3463 693 3496 uon
709 3463 810 3510 prorsus
827 3451 882 3496 aute
898 3446 965 3494 illum
979 3446 1102 3494 luculente
1116 3459 1195 3508 neque
1211 3447 1293 3495 vivide
1309 3448 1369 3496 des·

243 3520 347 3580 criptum
363 3519 440 3566 luisse
454 3519 519 3566 hunc
534 3533 639 3567 amorem
655 3524 724 3567 extra
738 3519 838 3567 dubium
856 3532 920 3566 nunc
935 3519 1041 3580 ponitur.

273 3589 296 3637 3.
316 3589 352 3640 Cf.
376 3590 478 3638 Servius
500 3590 525 3637 in
544 3590 608 3642 Aen.
633 3591 656 3648 l,
672 3589 726 3651 198,
747 3590 807 3650 207;
826 3588 1059 3649 11,791;111,10;
1081 3587 1122 3650 IV,
1142 3588 1239 3649 9;·lX,
1260 3588 1315 3639 715.
1335 3590 1370 3638 Ea

243 3674 339 3723 quoque
353 3675 415 3723 quae
431 3661 495 3723 apud
511 3661 627 3709 Naevium
643 3662 794 3724 Enniumque
804 3675 832 3708 ae
844 3660 977 3724 Vergilium
993 3659 1091 3708 diverso
1107 3660 1178 3708 modo
1193 3660 1283 3708 tradita
1300 3666 1369 3721 suut,

244 3731 345 3780 Servius
361 3733 446 3780 sedulo
461 3733 563 3782 notavit.

274 3803 298 3851 1.
316 3802 382 3850 Satis
398 3808 479 3851 nolum
494 3807 532 3851 est
546 3802 675 3852 latinorum
690 3803 861 3852 historicorum
875 3807 984 3851 velerum
1000 3803 1131 3864 nemiuem,
1148 3804 1200 3850 sive
1214 3803 1256 3865 qui
1275 3802 1369 3867 integri

243 3873 274 3922 ad
286 3887 331 3921 nos
342 3887 476 3935 pervenere
490 3875 565 3937 (Lrv,
582 3875 635 3934 l,1l,
647 3875 701 3922 sive
716 3888 818 3937 quorum
830 3875 964 3936 fragmenta
978 3874 1096 3936 quaedam
1109 3878 1241 3935 supersunt
1253 3874 1294 3936 (ci.
1307 3875 1370 3923 His·

244 3948 294 3996 tor.
310 3945 384 3994 Rom.
394 3945 553 4010 fragm.,ed.
571 3946 667 4006 Perua),
684 3946 714 3993 de
730 3945 825 3993 Didone
839 3945 971 4007 quidquam
987 3946 1085 3994 novisse
1102 3945 1197 3992 videtur
1209 3959 1214 3991 :
1224 3945 1290 4006 quod
1307 3960 1371 3995 cou-

243 4017 325 4064 ilrmat
338 4016 380 4064 illa
395 4016 425 4064 de
434 4016 532 4064 Aeneae
549 4017 676 4065 erroribus
687 4017 804 4075 narratio,
815 4031 876 4079 quae
892 4015 974 4064 libello
985 4015 1017 4065 de
1026 4016 1132 4080 Origine
1141 4016 1228 4081 peritis
1239 4030 1370 4067 rornaaae

243 4088 390 4141 continetur.
413 4101 523 4150 quaeque
544 4101 557 4136 e
579 4087 662 4135 multis
685 4088 793 4151 antiquis
817 4088 980 4150 scriptoribus
999 4086 1150 4149 (Alexandro
1173 4087 1290 4150 Ephesio,
1307 4088 1368 4138 Caio

244 4158 357 4218 Caesare,
373 4159 447 4207 Lucio
463 4157 576 4220 Caesare,
592 4158 691 4220 Catone,
705 4159 803 4219 Pisone,
819 4160 923 4217 Lutatio,
940 4159 1054 4219 Domitio,
1070 4157 1192 4217 Vulcatio,
1208 4159 1287 4208 Acilio
1304 4160 1368 4209 Pol-

243 4230 318 4293 lione)
334 4229 437 4279 collecta
450 4230 481 4278 ab
496 4230 589 4279 incerto
604 4235 704 4279 auctore
720 4231 773 4278 luit.

274 4301 297 4351 5.
316 4301 344 4350 Et
359 4300 425 4350 illam
438 4302 498 4349 satis
510 4301 606 4364 plenam
621 4315 702 4350 rerum
717 4302 793 4351 luisse
808 4302 890 4361 credo,
906 4317 937 4351 eu
952 4301 1030 4365 ipsius
1044 4299 1145 4363 Vergilii
1160 4302 1252 4361 verbis,
1266 4302 1285 4362 l,
1300 4302 1367 4352 341:

244 4373 332 4437 Lonpu
347 4375 386 4422 est
400 4372 512 4436 injuria,
530 4371 624 4436 longae
638 4372 784 4437 ambagem
798 4374 845 4422 aed
859 4387 961 4422 summa
975 4386 1074 4437 sequar
1088 4373 1200 4437 fastigia
1215 4388 1322 4434 rerum;
1336 4401 1367 4411 -
