2844 4928
581 303 678 351 cneus
703 303 853 350 nannum
1146 370 1149 375 Ι
1234 283 1274 361 91

201 478 277 544 Non
297 484 413 545 tamen
432 478 587 560 DidoniS,
609 481 761 545 ,leticum
779 480 891 544 multo
912 478 1024 543 nntius
1049 501 1153 566 quam
1178 483 1288 545 antea

154 588 390 670 aestimantiS,
411 609 600 676 rursusque
626 586 782 674 Sychaeo
802 607 955 652 utmorem
983 606 1083 650 suum
1110 585 1278 674 paulatim

152 692 343 776 reddentiS,
365 678 424 760 illa
443 694 542 783 quasi
557 695 735 760 conversio
755 699 789 759 et
808 693 1030 759 commutatio
1048 691 1130 758 lacit
1147 690 1186 759 nt
1205 714 1275 759 om-

152 801 236 868 nino
262 800 335 888 jam
365 823 405 866 ex
433 801 548 867 animo
577 800 652 887 ejus
677 787 839 867 decidant
867 800 1007 865 violenti
1035 800 1102 882 illi,
1134 799 1276 888 quibus·

151 930 302 998 cumque
329 910 424 998 prins
452 912 651 974 exaestuare
676 908 774 973 illam
792 907 959 988 vidimus,
985 906 1153 974 adfectus,
1176 906 1278 989 Quod

149 1020 324 1086 testantur
336 1016 413 1106 ipsa
428 1020 581 1082 extrema
594 1016 805 1101 vergilianae
821 1014 965 1081 Didonis
978 1014 1084 1081 verba
1093 1013 1115 1081 ¹.

197 1124 319 1212 Neque
350 1124 441 1189 enim
470 1145 510 1187 ex
538 1123 579 1187 iis
614 1126 763 1205 constat,
794 1127 968 1188 recentem
998 1121 1073 1207 ejus
1103 1144 1143 1188 ac
1172 1123 1278 1189 velie-

149 1234 304 1296 mentem
327 1230 363 1295 in
387 1230 542 1295 Aeneam
568 1229 655 1295 iram
683 1229 732 1294 ita
754 1229 856 1318 plane
881 1229 1083 1294 exstinctam
1108 1251 1199 1312 esse,
1221 1235 1275 1311 ut,

150 1337 349 1427 anticipatis
378 1336 635 1427 quodammodo
663 1335 868 1405 christianae
899 1336 1075 1421 religionis
1101 1336 1295 1425 sensibus,

150 1443 243 1511 Dido
264 1445 414 1510 moriens
434 1443 604 1532 proditori
618 1444 787 1529 ignoscat.
804 1442 944 1511 Minime
964 1442 1136 1531 prolect03
1160 1433 1279 1534 supre-

150 1573 318 1641 mumque
357 1551 504 1629 halitum
541 1550 715 1632 efflatura,
758 1577 774 1611 «
810 1549 943 1616 crudeli
976 1550 1136 1617 Dardano
1173 1579 1189 1614 >›
1223 1553 1278 1618 vel

152 1658 269 1725 adhuc
295 1657 487 1740 maledicit,
514 1658 722 1746 ultionisque
749 1663 830 1723 tunc
850 1657 953 1723 etiam
983 1658 1144 1743 cogitatio
1164 1660 1278 1726 animo

153 1766 372 1834 obversatur.
399 1764 530 1832 Verum
557 1765 646 1830 illud
674 1765 851 1854 superstiti
879 1764 1044 1831 satisfacit
1067 1765 1156 1847 irae,
1184 1766 1278 1854 quod

153 1874 221 1940 etsi
240 1872 407 1939 derelicta
426 1877 459 1938 et
478 1877 675 1960 contempta
695 1877 728 1936 et
748 1871 894 1958 jamjam
913 1872 1081 1937 moritura
1100 1872 1159 1955 sit,
1181 1874 1278 1939 dere·

152 1965 332 2069 linquente
351 1980 470 2045 Aenea
489 2000 529 2045 ac
547 1979 684 2045 vivente
705 1985 738 2046 et
756 1979 926 2069 impunito
942 1978 1146 2045 antecellere
1162 1983 1278 2048 tamen

154 2087 568 2177 fflfflmfflffi:

638 2201 797 2256 Moricmur
809 2199 933 2265 inultae,

328 2273 379 2326 sed
391 2273 561 2338 moriamur,
576 2273 626 2326 ait.
642 2274 695 2333 Sic,
708 2273 747 2324 sic
756 2272 836 2338 juvat
851 2275 892 2324 ire
906 2273 961 2326 sub
979 2275 1115 2344 umbras!

201 2451 292 2519 Num
311 2474 429 2519 rursus
453 2454 607 2519 Aeneam
635 2473 703 2517 non
724 2452 798 2538 jam
826 2454 944 2519 amat?
974 2452 1093 2539 Longe
1122 2456 1276 2544 profecto

154 2559 255 2626 abest
273 2565 310 2625 ut
329 2565 463 2626 tantum
486 2559 657 2646 Vergilius
687 2565 806 2625 contra
834 2559 1170 2627 verisimilitudinem
1197 2587 1277 2653 pec..

150 2667 298 2733 caverit!
323 2666 632 2754 Verumenimvero
653 2687 762 2756 nsque
779 2689 983 2756 permanere
1004 2673 1037 2734 et
1057 2670 1172 2736 animo
1200 2672 1274 2758 ejus

149 2773 296 2841 haerere
313 2773 451 2841 Aeneae
472 2796 625 2841 amorem
646 2780 719 2841 tum
737 2775 798 2840 illa
817 2775 893 2864 ipsa
912 2775 1020 2841 verba
1040 2775 1244 2845 denuntiant
1264 2800 1296 2860 t,

353 2978 461 3030 Dulces
474 2978 605 3036 exuviae.
621 2977 693 3029 dum
708 2977 768 3030 fetu
783 2978 915 3044 deusque
931 2977 1058 3045 sinebat,

353 3049 478 3114 accipite
492 3050 568 3101 hanc
582 3049 713 3101 enimam
722 3055 732 3112 ;'

149 3233 226 3295 tum
245 3228 402 3296 ardentia
416 3229 476 3296 illa
490 3250 579 3320 qnae
600 3255 616 3290 «
636 3228 795 3295 dulcibus
817 3229 947 3296 exuviis
962 3231 970 3264 ¹
988 3258 1004 3295 »
1022 3231 1096 3319 figit
1112 3233 1272 3306 oscula²t

150 3529 221 3576 xvm,
237 3514 264 3576 6;
280 3515 336 3564 Tm.
353 3514 437 3576 Loca,
452 3515 483 3566 fr.
499 3515 547 3578 23).
565 3514 606 3564 Sic
619 3514 798 3578 quodammodo
811 3517 930 3566 satisfecit
944 3517 1042 3580 Didoni,
1058 3520 1142 3581 cujus,
1159 3521 1221 3569 sicut
1235 3521 1275 3570 di-

150 3587 186 3635 cit
200 3587 319 3635 Ausonius
333 3586 432 3650 (Epiqr.
444 3587 474 3634 in
489 3586 575 3635 Didus
589 3587 749 3651 imaginem),
762 3606 774 3632 u
786 3587 873 3636 damna
886 3589 1017 3650 pudicitiae
1029 3600 1043 3634 ὐ
1055 3591 1166 3653 finxerat,
1181 3599 1206 3641 et
1218 3593 1274 3641 illa-

148 3661 199 3706 tam
214 3658 300 3718 iamne,
316 3677 327 3702 «
349 3672 397 3720 qua
412 3661 463 3707 sola
478 3658 559 3706 sidera
571 3659 655 3707 adibat
670 3657 720 3720 (lV,
735 3659 791 3721 321)
809 3678 830 3718 a,
846 3660 959 3720 injuriam
978 3662 1046 3723 quasi
1063 3661 1163 3724 corrigit
1178 3663 1225 3726 (Cl.
1242 3666 1273 3714 de

148 3742 225 3778 sensu
240 3730 311 3778 istius
325 3743 412 3779 versus
422 3730 477 3786 321,
491 3729 608 3786 lividum,
623 3745 688 3778 nette
699 3731 830 3795 Bettrctpe,
840 3745 863 3793 p.
879 3730 931 3789 103,
946 3737 970 3780 et
985 3732 1122 3795 Foasiean.)

181 3800 204 3850 l.
222 3801 263 3860 lV,
279 3800 334 3849 651.
351 3800 388 3849 Cf.
403 3800 458 3861 618,
475 3800 529 3860 196,
544 3801 589 3849 507
605 3816 659 3864 sqq.

178 3872 203 3922 2.
221 3873 303 3935 Longe
320 3873 384 3920 enim
398 3873 469 3922 abest
484 3878 509 3921 ut
524 3872 617 3920 Hermo
638 3873 763 3921 adsentiar
782 3872 813 3922 de
827 3873 869 3932 lV,
885 3873 932 3921 659
953 3887 959 3922 :
980 3893 991 3918 α
1009 3888 1037 3922 or
1052 3875 1177 3938 impressu
1193 3881 1273 3930 toro:

145 3944 242 3992 scilicet
259 3943 361 4007 percita
374 3945 478 4007 furore,
496 3943 573 3991 salute
589 3944 718 4006 desperata
734 3949 757 3991 et
771 3949 848 3993 morte
860 3945 910 4005 jam
928 3945 1015 3993 vicina.
1038 3945 1090 3993 Non
1108 3948 1170 3996 enim
1184 3949 1204 3997 is
1221 3955 1273 3999 erat

143 4016 196 4078 jam
210 4016 300 4065 mentis
313 4015 420 4073 habitus,
437 4019 462 4062 ut
476 4016 614 4063 exosculari
633 4016 690 4063 illas
705 4017 806 4064 exuvias
822 4015 884 4062 velle
899 4015 978 4063 videri
993 4018 1087 4079 possit,
1103 4033 1180 4081 neque
1197 4022 1273 4070 verbu

146 4100 211 4149 quae
225 4086 321 4147 ellatur,
337 4087 384 4134 tale
400 4086 458 4148 quid
474 4091 606 4149 arguunt...
625 4105 636 4130 a
662 4085 769 4144 Quidni?
791 4087 868 4135 Multo
888 4088 981 4134 rectius
1000 4085 1106 4136 Kvitam
1122 4090 1196 4152 (neue
1212 4092 1273 4140 Bei-

148 4160 235 4221 trctpc,
249 4172 274 4220 p.
290 4157 356 4220 211),
373 4157 413 4219 qni
429 4157 506 4215 tales,
522 4157 607 4219 quales
624 4159 757 4220 praesumit
768 4157 897 4225 ¹Heynius,
914 4173 1002 4206 sensus
1023 4161 1096 4222 paulo
1113 4165 1168 4210 ante
1183 4177 1272 4211 conve-

147 4230 217 4279 nisse
232 4228 322 4278 Didoni
334 4228 430 4290 judicat
445 4228 478 4290 (v.
498 4227 558 4287 612,
573 4229 642 4292 616),
659 4233 709 4277 tum
727 4243 785 4278 vero
799 4229 902 4292 furoris
917 4226 1034 4277 inlocum
1053 4246 1136 4293 pacem
1152 4234 1272 4295 quandam

147 4305 173 4349 et
194 4300 350 4348 serenitatem
374 4299 526 4359 successisse
548 4300 672 4364 sapienter
689 4300 871 4350 animadvertit.
891 4327 926 4346 -,
944 4301 1013 4349 Errat
1034 4316 1130 4364 quoque
1148 4304 1272 4364 ¹Fonn'msn

150 4372 237 4423 dicens
253 4386 259 4419 :
276 4389 288 4415 u
302 4385 367 4434 prae
381 4371 464 4418 animi
481 4368 570 4419 dolore
585 4371 609 4418 in
625 4375 703 4420 torum
720 4371 826 4420 incubat.
844 4389 855 4414 u
875 4371 909 4419 Cl.
927 4386 950 4435 p.
964 4371 1043 4437 92„n.
1060 4373 1083 4425 1.
1136 4407 1145 4434 „2
1175 4427 1176 4431 ,
1264 4430 1269 4437 ‚
