2844 4928
144 290 187 355 96
595 312 672 358 elas
695 313 800 360 aaron.

141 483 199 570 jus
219 507 240 550 a
258 507 294 552 se
313 486 389 576 ipsa
405 470 499 553 'stare
519 510 562 553 ne
581 489 762 578 paululum
778 488 920 579 quidem
939 485 1188 555 subdubitat...
1200 484 1262 554 Vel

147 619 163 657 u
184 594 351 660 moritura
372 621 388 656 u
409 593 499 660 Deos
517 593 644 661 iterum
666 622 681 657 α
703 600 849 663 testatur
866 623 881 656 υ
905 599 939 660 et

335 807 360 859 si
375 807 453 872 quod
469 820 638 873 nonaeque
655 807 771 861 loedere
785 811 918 860 amantes

270 901 355 941 curae
369 901 482 941 numen
496 889 585 941 habet
597 889 772 955 justumque
785 898 963 954 memorque.
980 891 1129 953 precatur.

191 1072 435 1144 Verumtamen
463 1098 634 1167 nusquam
665 1078 817 1168 apertius
855 1099 959 1167 quam
995 1077 1031 1143 in
1069 1072 1269 1144 novissimis

147 1183 263 1250 verbis
286 1183 352 1250 ista
375 1183 572 1251 declaratur
594 1184 687 1251 illius
707 1184 750 1250 de
775 1205 836 1251 suo
856 1205 973 1250 amore
1000 1207 1040 1250 ac
1064 1182 1108 1249 de
1135 1203 1172 1250 se
1193 1182 1270 1272 ipsa

147 1291 275 1381 opinio.
298 1291 385 1357 Tum
409 1291 500 1357 enim
520 1291 742 1381 praeteritam
761 1292 868 1357 vitam
891 1291 1093 1381 respiciam,
1115 1288 1183 1356 sibi
1203 1291 1269 1381 ipsi

146 1397 258 1464 bonae
279 1398 508 1466 conscientiae
529 1420 607 1466 eum
625 1397 766 1466 minime
782 1403 873 1464 tecta
887 1397 1052 1487 superbia
1066 1396 1184 1465 reddit
1203 1401 1272 1465 tes-

147 1504 358 1575 timonium:

319 1719 389 1772 Vixi
403 1723 433 1772 et
448 1731 537 1785 quem
552 1718 674 1773 dederat
689 1733 810 1773 cursum
826 1721 945 1773 tortuna
960 1720 1078 1787 peregi;

319 1808 344 1851 ct
354 1816 428 1851 nunc
441 1815 543 1864 maqua
556 1801 609 1850 mei
622 1801 669 1851 sub
687 1807 775 1852 terras
785 1802 835 1852 ibit
847 1803 945 1866 imaqo.

364 1879 455 1940 Felix,
470 1880 547 1934 heu!
563 1880 691 1933 nimium
707 1880 789 1946 felix,
807 1881 833 1933 sl
846 1880 932 1934 litora
947 1885 1067 1933 tantum

320 1972 474 2025 nunquam
490 1960 654 2014 Dardaniae
667 1961 836 2027 tetigissent
848 1965 950 2014 nostra
965 1959 1093 2014 carinae.

149 2146 326 2240 Infelicem
348 2149 455 2237 igitur
474 2171 511 2220 se
534 2149 639 2216 fuisse
656 2149 803 2232 fatetur3
826 2160 954 2216 sontem
974 2170 1069 2232 vero,
1090 2151 1195 2230 tacet,
1217 2170 1275 2216 ne·

150 2281 217 2348 que
237 2257 392 2347 proiecto
413 2257 533 2325 credit.
563 2256 700 2346 Quippe
720 2278 825 2346 quam
844 2257 990 2335 malum,
1012 2259 1050 2323 ut
1073 2254 1122 2322 ita
1144 2254 1272 2340 dicam,

149 2362 283 2446 adierit,
306 2363 502 2433 volentibus
526 2363 615 2447 Diis;
636 2386 706 2431 non
725 2365 785 2431 illa
803 2363 934 2430 malum
955 2362 1040 2429 adiit
1054 2366 1179 2453 sponte
1200 2384 1273 2428 sua.

150 2472 270 2561 Nuper
289 2470 429 2562 quidem
448 2470 618 2538 Didonem
644 2498 660 2532 «
685 2472 763 2537 fatis
791 2471 1010 2537 exterritam¹
1034 2468 1277 2535 »ostendebat

152 2578 344 2666 Vergilium
361 2601 451 2645 nunc
462 2619 505 2628 -
516 2579 615 2668 quasi
630 2579 736 2645 menti
751 2579 838 2666 ejus,
850 2577 966 2644 divina
976 2576 1126 2666 quadam
1141 2576 1277 2645 revela-

151 2686 256 2768 tione,
278 2686 370 2752 clara
388 2685 520 2751 lumina
535 2685 818 2776 praepandantur
836 2689 1056 2773 retectaeque
1075 2683 1280 2774 praeterito-

152 2815 230 2859 rum
249 2798 434 2865 eventuum
448 2793 598 2859 ratioues
614 2797 765 2881 pateant,
778 2791 1092 2877 -intellegentem
1107 2789 1206 2856 illam
1222 2811 1280 2858 os-

153 2900 262 2968 tendit
281 2903 448 2989 quantum
464 2899 636 2968 felicitatis
655 2900 723 2990 ipsi
743 2925 759 2961 «
780 2899 851 2965 fata
866 2899 1020 2990 deusque
1043 2926 1059 2960 »
1079 2898 1280 2987 impertive-

153 3007 238 3091 rint,
262 3011 430 3096 quantum
456 3028 576 3074 rursus
601 3007 826 3074 calamitatis²
847 3006 1027 3093 obtingere
1047 3005 1279 3072 decreverint.

156 3142 172 3176 «
195 3113 323 3204 Culpae
345 3142 361 3178 »
381 3137 463 3181 vero
483 3115 595 3197 istius,
617 3137 721 3204 quam
741 3115 880 3181 ineunte
901 3136 1018 3180 amore
1039 3135 1100 3180 suo
1118 3112 1198 3202 ipsa
1216 3136 1282 3180 no-

154 3221 320 3305 minabat,
342 3222 473 3289 nullam
491 3221 548 3288 hic
576 3223 787 3290 mentionem
814 3221 906 3288 iacit.
936 3220 1040 3287 Nulla
1064 3219 1095 3286 ei
1119 3226 1283 3310 superest

155 3329 288 3420 peccati
311 3328 459 3417 alicujus
484 3330 709 3412 conscientia,
738 3353 808 3420 qua
832 3329 982 3397 moriens
1009 3327 1279 3406 conturbetur...

199 3437 305 3527 Atqui
330 3436 379 3504 ita
403 3459 554 3526 quoque,
576 3437 611 3503 ni
630 3437 743 3520 fallor,
766 3459 864 3503 suam
884 3458 966 3523 erga
986 3435 1154 3502 Didonem
1174 3435 1283 3503 bene-

155 3545 341 3612 volentiam
359 3548 462 3633 poeta
478 3544 604 3612 iterum
620 3543 819 3626 declaravit,
838 3566 915 3610 cum
936 3571 951 3605 «
974 3543 1113 3610 fatalem
1135 3570 1150 3605 >r
1172 3542 1283 3612 fuisse

189 3829 211 3880 1.
228 3829 268 3888 lV‚
284 3829 338 3879 450.
354 3830 414 3877 -l.
430 3844 451 3877 e.
467 3850 478 3874 «
495 3829 565 3878 malis
581 3830 641 3888 sule,
658 3830 757 3879 miseria
773 3845 818 3879 sua
839 3835 1007 3891 consternata,
1023 3845 1094 3894 quam
1111 3830 1134 3878 in
1152 3829 1210 3879 latis
1226 3845 1285 3881 esse

157 3916 221 3949 nunc
236 3901 364 3964 intellegit.
381 3919 393 3945 »
409 3901 536 3951 Formam.
548 3899 589 3949 Sic
604 3900 721 3958 erianr,
735 3901 854 3959 Ereto..
868 3917 892 3964 p.
912 3903 963 3954 128.
975 3929 1006 3939 -
1019 3902 1156 3951 deterrita
1171 3901 1284 3953 erdlrs

158 3974 217 4022 dicit
227 3974 354 4031 excitata,
366 3972 483 4021 turbato.
497 3969 587 4030 Herna,
599 3973 633 4021 in.
646 3974 669 4023 h.
683 3974 699 4023 l.
713 3989 718 4021 :
731 3993 742 4017 «
755 3976 899 4023 exterritus
914 3974 945 4023 de
960 3975 991 4023 iis
1004 3975 1094 4023 dieitur
1108 3974 1149 4036 qui
1165 3979 1284 4024 conster-

156 4045 207 4094 nati
225 4045 307 4093 subito
322 4044 403 4108 aliquo
417 4059 474 4093 casu
490 4049 513 4093 et
524 4048 603 4093 mente
619 4045 719 4093 alienati
735 4045 864 4096 insaniant.
881 4066 892 4090 υ
908 4047 1006 4096 Minime
1021 4049 1086 4094 recte
1101 4043 1220 4104 Kmdlm,
1239 4062 1284 4097 ne·

157 4130 204 4179 que
218 4130 313 4165 omnem
328 4130 425 4162 sensum
439 4116 521 4163 reddit
540 4115 622 4162 Herna
639 4130 644 4162 :
661 4118 746 4163 terror
761 4118 859 4178 proprie
875 4117 1026 4180 significatur
1044 4117 1083 4164 his
1102 4117 1194 4177 verbis,
1209 4119 1283 4180 quasi

157 4186 400 4249 potentiorenumine
416 4201 442 4233 se
454 4187 567 4234 domitam
583 4186 671 4235 sentiat
687 4190 710 4235 et
724 4191 869 4250 prostratam
887 4188 958 4237 Dido.

189 4259 212 4307 2.
229 4257 270 4321 IV,
285 4256 331 4307 550
347 4272 352 4306 :

412 4340 454 4370 uon
469 4329 536 4370 licuit
550 4327 640 4371 thalami
654 4336 767 4386 expertem
781 4330 828 4373 sino
841 4331 932 4374 crimine
945 4331 1022 4375 vitani.

413 4390 520 4447 degere...
