2844 4928
512 342 610 388 aanor
635 342 783 389 rnarruu.
1167 322 1208 387 51

85 540 338 607 pervacaneam
366 540 441 586 esse
464 519 635 586 constabit
660 519 856 586 machinam
873 516 981 598 illam,
1003 539 1107 606 quam
1132 518 1209 608 quis

86 626 202 714 primo
222 624 363 715 quidem
386 608 554 716 adspectu
574 626 732 714 Judicare
751 632 856 716 queat
869 625 889 691 ¹.

10 766 41 818 J
134 730 325 822 Oportebat
354 734 445 799 enim
471 731 627 816 Didonis,
649 774 693 783 -
717 754 834 823 quam,
860 735 1029 822 utsupra
1054 737 1210 798 notatum

86 837 164 921 luit,
187 837 354 924 singulari
373 839 522 929 quadam
543 839 782 907 benevolentia
802 837 1043 928 complectitur
1056 838 1115 905 ille
1134 839 1209 927 ipse

88 945 150 1034 qui
167 944 265 1011 tinxit
283 960 359 1012 eam
379 952 481 1039 poete
499 986 543 995 —
561 946 918 1037 imprudentissimum
933 967 1086 1012 amorem
1106 967 1211 1034 quam

89 1052 236 1118 maxime
269 1055 435 1120 excusari.
470 1048 520 1120 Ed
555 1059 669 1120 autern
694 1055 807 1127 minus
834 1051 1000 1119 invidiam
1028 1053 1210 1119 severioris

88 1158 227 1225 lectoris
249 1187 265 1221 «
283 1159 402 1226 luror¹
434 1187 449 1221 a
474 1161 533 1226 ille
554 1160 706 1227 movebit
725 1160 1081 1250 vituperationemque
1098 1182 1210 1226 mere-

30 1302 35 1318 1
88 1264 194 1349 bitur,
218 1267 246 1332 si
266 1266 372 1333 aDiis
389 1267 544 1359 impulsa
557 1268 682 1334 clarius
697 1268 907 1359 apparuerit.
931 1265 1023 1347 Quid
1040 1268 1166 1334 mirum

276 1473 335 1513 una
349 1461 416 1514 dolo
430 1462 539 1515 Divum
555 1463 580 1515 si
595 1462 705 1516 femina
718 1462 795 1516 victa
809 1461 934 1514 duorum
952 1465 1020 1515 est?

85 1632 306 1719 Purgaticnis
325 1634 433 1721 igitur
447 1635 513 1702 boc
532 1640 584 1702 est
603 1636 703 1725 quasi
722 1635 1013 1725 supplementum,
1031 1655 1051 1699 a
1067 1632 1209 1700 Didonis
1243 1614 1245 1620 ,
1334 1614 1336 1618 Α

84 1743 233 1828 patrono
253 1741 444 1831 eodemque
464 1748 563 1832 patre
583 1741 812 1808 adhibitum³.

132 1844 202 1912 Sed
232 1853 266 1913 et
290 1853 471 1937 praeterea
499 1848 614 1915 decuit
641 1849 733 1915 hunc
758 1869 841 1934 erga
864 1848 1017 1913 Aeneam
1038 1868 1058 1912 a
1081 1847 1210 1913 Punica

86 1953 210 2038 regina
228 1958 431 2044 conceptum
452 1977 607 2022 amorem
627 1977 730 2044 quam
747 1956 893 2020 maxime
909 1955 1117 2020 concitatum
1134 1975 1209 2019 esse
1267 1992 1268 2005 .

86 2067 384 2150 adproperatum,
404 2085 517 2151 neque
537 2068 653 2128 tamen
680 2062 750 2128 ulla
776 2061 926 2127 debebat
948 2060 1045 2147 injici
1067 2061 1210 2146 legenti·

85 2166 151 2233 bus
172 2169 334 2257 suspici0,
359 2196 375 2230 «
395 2169 489 2258 pium
512 2197 527 2231 »
548 2170 776 2257 Trojanorum
792 2190 969 2235 sacrorum
984 2167 1161 2235 custodem
1177 2172 1210 2233 et

86 2272 253 2340 heredem
278 2275 335 2341 vel
360 2277 539 2342 minimam
562 2276 773 2366 impendisse
797 2297 951 2366 operam,
981 2276 1036 2340 vel
1063 2275 1209 2362 digitum

85 2382 234 2447 movisse
263 2386 301 2447 ut
329 2388 515 2450 amaretur.
551 2384 699 2450 Necesse
732 2384 839 2470 igitur
865 2387 939 2448 erat
966 2388 1004 2449 ut
1028 2381 1115 2448 Dido
1136 2381 1209 2448 sola

85 2487 241 2554 Aeneam
274 2490 365 2555 ultro
398 2490 541 2573 adiisse,
577 2491 734 2580 petiisse,
763 2491 941 2556 lacessisse
968 2489 1207 2556 crederetur...
1269 2513 1272 2519 ·

21 2663 27 2677 ,
86 2591 188 2673 Quod
208 2600 323 2661 autem
342 2604 381 2663 ut
399 2596 523 2663 melius
543 2597 775 2679 confirmetur,
799 2596 986 2682 Vergilius,
1008 2597 1106 2684 quasi
1127 2616 1208 2661 suae

84 2700 218 2768 diffisus
238 2701 547 2771 describendorum
567 2705 670 2771 animi
686 2704 869 2771 affectuum
889 2703 1045 2794 peritiae,
1063 2703 1152 2769 Deos
1172 2703 1207 2769 in

84 2795 251 2875 auxilium
271 2812 461 2877 arcessivit.

131 2911 289 2981 Ceterum
320 2921 416 3006 patet
435 2916 628 3004 Vergilium
660 2917 769 2984 multo
798 2919 912 2984 minus
938 2918 973 2983 in
1000 2917 1053 2982 bis
1084 2918 1207 2983 immo-

84 3021 156 3087 rari
183 3043 287 3110 quam
306 3024 529 3113 Apollonium
553 3030 613 3092 aut
633 3024 817 3092 Catullum.
1271 3114 1272 3117 Ἴ

128 3125 216 3194 Nam
237 3135 270 3196 et
294 3130 503 3199 Mercurium
528 3154 632 3222 quem
657 3132 702 3199 ab
727 3133 795 3199 alto
820 3130 968 3222 Olympo
992 3132 1127 3222 Jupiter
1146 3131 1207 3197 de-

85 3235 180 3300 misit
505 3238 508 3245 '

239 3329 273 3377 ut
289 3329 382 3379 terrae
399 3331 492 3393 utque
506 3341 599 3381 novae
615 3332 735 3394 pateant
751 3327 937 3393 Carthaginis
951 3339 1033 3379 arces

240 3404 370 3471 hospitio
386 3408 515 3473 Teucris,
909 3428 917 3458 ι

83 3575 182 3641 citius
202 3575 328 3644 omittit
351 3579 487 3666 poetal,
515 3584 549 3672 et
568 3600 673 3669 quam
692 3578 895 3644 brevissime
914 3582 1075 3643 navatam
1099 3576 1144 3644 ab
1166 3597 1208 3642 00

83 3704 226 3771 operam
247 3683 412 3751 describit
434 3707 442 3755 :

115 3875 138 3924 1.
156 3874 217 3924 Vide
240 3876 357 3938 11016111,
378 3880 606 3945 Vergil-Studien,
629 3897 653 3944 p.
680 3881 733 3933 158.
757 3881 877 3930 Waronaa
899 3878 1025 3942 Cupidinis
1044 3880 1206 3927 interventum

82 3946 193 3995 inutilem
207 3947 311 4009 judicat,
327 3965 473 4015 causamque
488 3955 541 4015 ejus
562 3953 793 4002 interventus-nibil
813 3953 878 4000 aliud
899 3965 1044 4014 essequam
1064 3970 1076 3994 «
1099 3949 1207 4000 Schem-

82 4018 250 4138 0113631381-
275 4020 311 4068 Cl.
327 4023 403 4082 Aea,
422 4024 440 4082 l,
456 4024 511 4082 661,
528 4025 582 4082 662,
598 4025 654 4083 671,
670 4039 699 4073 ea
715 4039 786 4088 quae,
803 4025 862 4072 satis
875 4024 938 4071 levia
957 4023 1075 4085 prolecto,
1096 4021 1207 4070 obtendit

114 4105 149 4208 2.g
157 4130 264 4212 Verbum
279 4169 316 4212 est
329 4165 422 4228 Saeva,
440 4168 464 4214 in
480 4169 556 4227 Aen„
573 4168 591 4231 l,
606 4168 660 4216 299.

82 4231 138 4352 &37i
157 4230 251 4352 Optilrpe
262 4235 373 4356 thiddc
392 4236 508 4297 Knosos,
534 4238 765 4304 Vergil-Studien,
784 4255 807 4302 p.
830 4239 883 4298 159,
900 4239 954 4299 166,
974 4243 998 4288 01
1020 4238 1165 4296 Cosvnorou,
1181 4236 1206 4284 in

114 4373 137 4422 4.
157 4373 194 4424 Cl.
211 4390 238 4424 ea
257 4392 319 4440 quae
340 4370 458 4440 K'vrtsns,
478 4381 698 4447 Vergit-Studien,
715 4397 740 4445 p,
761 4381 874 4444 roa-103,
890 4382 921 4430 60
939 4381 985 4431 hoc
1002 4380 1115 4431 Mercurii
1130 4378 1206 4427 inter·

82 4449 157 4495 ventu
173 4447 277 4497 utilitate
291 4454 362 4499 acute
377 4450 519 4515 disputavit
