2844 4928
570 318 668 367 CAPUT
693 312 843 377 QUINTUM.

541 493 595 547 Cui
610 505 718 559 parvus
733 493 825 555 Iulus,

277 571 324 625 cui
337 577 421 639 pater
435 577 464 625 et
477 574 615 639 conjunx,
629 572 796 638 quondam¹
807 577 859 625 tua
875 570 963 637 dicta,
976 570 1148 636 relinquora

195 743 246 811 Ea
264 750 344 811 sunt
363 767 451 834 quae
471 745 626 834 profecto
648 745 770 812 fidenti
792 766 917 835 parum
942 743 1057 810 animo
1080 765 1194 832 neque
1215 765 1274 810 au-

149 851 227 918 daci
246 874 329 918 voce
349 854 514 942 proterat,
537 855 637 942 quasi
656 859 749 920 certo
776 852 974 942 praesagiat
1002 851 1075 917 fore
1104 856 1141 916 ut
1169 850 1274 940 paulo

148 963 228 1049 post
247 958 438 1042 deseratur,
460 960 509 1026 ita
536 966 573 1026 ut
598 960 673 1047 jam
702 983 792 1027 nunc
821 960 960 1025 Aeneae
989 959 1044 1023 vix
1073 959 1184 1048 possit
1211 980 1274 1023 no-

147 1067 273 1133 minari
301 1089 397 1133 uxor.
429 1067 547 1153 Longe
573 1067 689 1135 hercle
719 1089 818 1134 secus
847 1066 1090 1133 Andromacha
1115 1065 1160 1131 ad
1189 1065 1276 1133 Hec-

147 1174 284 1240 torem²
316 1195 324 1242 :
355 1202 371 1236 n
400 1174 451 1240 Tu
477 1175 564 1241 mihi
591 1181 625 1242 et
649 1181 749 1265 pater
775 1198 823 1257 es,
851 1174 992 1257 Hector,
1019 1180 1053 1239 et
1077 1172 1277 1240 veneranda

147 1285 271 1364 mater,
294 1286 327 1348 et
345 1281 464 1364 frater,
482 1281 680 1372 florensque
700 1283 866 1370 conjux...
883 1266 912 1349 0'
931 1279 1088 1346 miranda
1107 1280 1273 1369 protecto,

149 1387 213 1457 sed
239 1389 348 1454 nimia
372 1392 406 1455 et
433 1388 646 1480 imprudenti
670 1388 871 1455 fortitudine
895 1386 980 1467 vir³,
1009 1393 1043 1453 te
1070 1392 1130 1453 tua
1154 1387 1278 1477 perdet

148 1495 271 1576 virtus
302 1517 366 1561 uec
394 1500 427 1561 te
456 1496 597 1561 miseret
620 1496 829 1584 insaniisque
857 1495 923 1572 tui,
948 1495 1165 1583 miseraeque
1193 1495 1274 1574 mei,

150 1602 207 1668 oui
226 1601 305 1690 ipsi,
324 1606 357 1667 te
377 1599 572 1691 deperdito,
590 1601 714 1667 meiius
728 1601 772 1667 sit
787 1600 852 1666 sub
872 1604 999 1666 terram
1016 1599 1238 1667 descendere.
1259 1629 1275 1663 ιι

152 1708 247 1774 Haec
267 1712 319 1774 est
336 1708 437 1773 firma
457 1709 603 1774 amantis
624 1713 658 1774 et
676 1712 811 1774 amatae
822 1702 986 1793 =conjugis
997 1705 1125 1773 fiducia
1139 1724 1146 1774 :
1161 1695 1277 1774 flebile

153 1838 238 1881 vero
258 1816 374 1881 neseio
394 1814 491 1903 quid,
509 1814 768 1904 demissumque
789 1818 823 1880 et
841 1810 1007 1904 pavidum
1028 1812 1177 1910 Creusae
1198 1837 1280 1903 que-

152 1924 245 1988 relae
266 1926 400 1988 sonant.

197 2028 264 2095 Iuli
296 2029 429 2095 interea
463 2056 478 2090 ιι
512 2050 647 2099 summo
689 2029 731 2095 de
771 2029 898 2095 vertice
934 2027 1116 2094 flammeus
1153 2029 1278 2096 emicat

154 2148 253 2226 apex.
282 2163 298 2197 n
331 2136 420 2201 Tum
448 2135 589 2202 demum
612 2135 764 2202 mirabili
792 2136 920 2201 victum
947 2135 1061 2200 omine
1087 2134 1276 2202 Anchisam

153 2265 302 2332 euinque
333 2243 403 2309 suis
432 2242 527 2310 abire
563 2242 636 2330 jam
670 2246 891 2325 annuentem,
928 2242 1085 2309 sublevat
1121 2241 1276 2315 humeris

152 2352 288 2417 Aeneas
308 2373 386 2416 eum
405 2349 459 2416 his
478 2349 645 2418 verbist:
724 2348 729 2361 '
1014 2358 1016 2362 ’

184 2547 207 2597 1.
226 2545 289 2595 Aen.
304 2545 335 2608 li,
351 2544 406 2596 ota.
427 2546 463 2595 De
477 2544 550 2608 hujus
564 2545 633 2594 verbi
649 2565 660 2590 α
677 2545 799 2609 quondam
815 2564 827 2590 n
844 2559 916 2595 sensu
941 2545 1066 2594 nonsatis
1081 2549 1185 2595 constat.
1211 2545 1275 2597 Sm-

149 2631 204 2666 vrus
220 2634 226 2669 :
243 2637 255 2663 «
273 2617 411 2678 Quondam
426 2625 467 2666 aut
482 2615 628 2682 aliquando
643 2617 773 2679 significat,
791 2617 861 2680 quasi
875 2630 940 2665 nunc
964 2630 1026 2665 uxor
1046 2631 1096 2666 nou
1112 2618 1144 2665 sit
1161 2631 1223 2680 quae
1237 2633 1275 2668 re·

147 2689 283 2752 linquitur;
299 2693 340 2738 aut
354 2693 419 2737 certe
438 2688 572 2752 quondam
590 2703 692 2752 semper
713 2688 843 2751 significat,
865 2692 890 2736 ut
913 2687 938 2736 in
958 2688 1086 2752 Georgicis
1100 2688 1172 2749 <Ι[Ι,
1188 2689 1272 2749 99>;
1337 2712 1340 2721 =

148 2782 160 2806 u
175 2765 200 2809 nt
213 2761 337 2824 quondam
348 2761 373 2809 iu
381 2759 480 2822 stipulis
494 2774 597 2824 magnus
612 2761 665 2808 sine
679 2760 776 2808 viribus
790 2760 863 2822 ignis,
876 2763 923 2808 »et
937 2764 974 2808 est
986 2774 992 2807 ι
1003 2779 1015 2804 u
1026 2774 1097 2823 quam
1108 2774 1204 2823 semper
1214 2776 1274 2811 con-

144 2835 229 2895 jugem
253 2831 392 2881 nominasti.
413 2849 425 2876 n
448 2831 538 2879 Haberi
553 2831 617 2880 enim
631 2831 734 2894 quaevis
751 2834 854 2893 poterat,
875 2831 995 2879 nominari
1015 2832 1126 2880 nonnisi
1145 2833 1272 2883 nobilis.»

147 2904 236 2962 Harae,
246 2902 381 2961 flanimea,
397 2901 498 2964 Lauscu,
518 2901 663 2963 Centauros,
684 2902 720 2950 sic
736 2901 949 2963 interpretantur:
966 2920 978 2945 «
995 2901 1044 2963 Ego
1059 2916 1120 2964 quae
1135 2903 1191 2952 olim
1206 2903 1273 2954 dicta

145 2973 216 3023 fuero
231 2979 272 3023 tue
286 2975 393 3036 conjunx
404 2973 428 3036 (t
436 2974 492 3022 who
507 2987 570 3023 once
584 2972 697 3038 enjoyed
711 2971 750 3021 all
764 2987 780 3021 a
795 2970 876 3036 wise’a
886 2971 1012 3030 honours,
1022 2973 1175 3037 Gaureion),
1187 2980 1273 3037 postea

144 3061 204 3094 vero
225 3046 315 3093 tumida
329 3045 427 3107 captiva
443 3044 594 3107 appellabor.
611 3065 622 3090 e
639 3043 685 3107 (Gt.
706 3045 809 3102 Luescu,
826 3043 915 3107 Antip.
936 3043 1041 3108 Verpit„
1059 3043 1125 3108 237.)
1142 3046 1192 3108 Ego
1212 3060 1272 3096 vero

144 3117 342 3179 interpretationi
363 3130 435 3178 quem
447 3117 552 3178 priorem
574 3116 772 3165 subindicaverat
787 3115 908 3174 Saeuus,
925 3116 1032 3178 explicat
1045 3121 1126 3165 autem
1147 3117 1269 3177 wasnau,

146 3189 228 3253 potius
243 3188 385 3236 adsentiar:
398 3206 409 3232 «
423 3187 561 3248 Quondam
575 3189 663 3236 acerbo
678 3187 830 3237 cumdolore
843 3187 1013 3246 <dictum>,
1025 3188 1094 3251 quasi
1106 3190 1157 3251 Jam
1170 3189 1272 3238 desierit

146 3275 202 3310 esse
216 3261 270 3322 ejus
285 3259 399 3321 conjunx,
409 3263 433 3308 et
447 3259 517 3322 quasi
528 3259 569 3307 iiie
580 3259 678 3322 pristini
691 3259 781 3307 amoris
793 3258 884 3307 oblitus
894 3259 933 3306 sit.
947 3276 958 3302 n
971 3257 1007 3310 Ct.
1016 3259 1123 3320 Tracta,
1133 3259 1173 3318 ΙΙΙ,
1189 3275 1205 3319 ι,
1216 3260 1246 3308 23
1262 3277 1268 3310 :

146 3352 158 3377 ιι
176 3332 240 3379 Haec
262 3331 305 3378 tibi
325 3330 365 3379 vir
384 3329 529 3395 quondum,
549 3345 619 3380 ααιιο
636 3331 735 3394 frater,
753 3343 811 3378 cara
829 3330 933 3391 Neaera,
944 3330 1026 3380 Mittit.
1040 3350 1052 3376 ιι
1069 3331 1187 3380 Foanroan
1205 3332 1270 3381 idem

147 3406 240 3452 censet.
257 3402 376 3450 Burnum
390 3403 528 3450 rectissime
542 3405 727 3465 comparaverat
741 3401 816 3459 Aea,
831 3399 873 3460 IV,
894 3399 999 3450 323-324
1074 3401 1116 3450 Cui
1137 3417 1174 3450 me
1196 3403 1269 3452 mori-

147 3474 256 3522 bundam
279 3468 383 3531 deseris,
406 3473 517 3536 hospes?
544 3474 595 3522 Hoc
617 3473 696 3521 solum
717 3487 805 3521 nomen
821 3473 935 3534 quoniam
960 3473 991 3521 de
1012 3474 1116 3536 conjuge
1135 3477 1219 3522 restat.
1238 3501 1269 3512 -

148 3544 219 3604 Quod
244 3549 352 3594 ceterum
376 3545 427 3607 jam
451 3545 541 3607 optime
562 3544 719 3596 intellexerat
741 3545 876 3593 Anourucs
901 3545 966 3608 apud
991 3545 1103 3594 Servium
1130 3560 1136 3593 :
1164 3564 1176 3589 ιι
1199 3545 1268 3604 Quod

147 3623 292 3667 eventurum
302 3617 379 3677 timet,
396 3617 465 3679 quasi
473 3617 523 3678 jam
538 3617 676 3680 contigerit,
690 3615 771 3667 deflet.
789 3633 801 3661 ν

177 3689 199 3738 2.
219 3686 311 3748 iliad„
325 3686 366 3746 VI,
381 3687 427 3736 407
443 3701 497 3751 sqq.
514 3701 520 3735 :

361 3788 490 3851 Δαιμόνιε,
506 3783 584 3850 φθίσει
596 3805 623 3837 σε
637 3787 665 3836 τὸ
681 3786 725 3837 σὸν
741 3786 822 3850 μένος·
838 3782 894 3838 οὐδ’
909 3781 1025 3851 ἐλεαίρεις

363 3858 440 3909 παῖδά
454 3876 480 3908 τε
490 3856 615 3922 νηπίαχον
626 3858 671 3908 καί
686 3857 729 3918 ἔμ’
742 3856 886 3922 ἄμμορον...

586 3928 660 3993 Ἐμοί
675 3929 701 3981 δέ
719 3948 747 3980 κε
759 3929 855 3994 κέρδιον
872 3928 921 3990 εἴη.

361 4008 403 4052 σεῦ
419 3994 602 4067 ἀφαμαρτούσῃ
618 4003 697 4066 χθόνα
709 3996 841 4059 δύμεναι...

362 4072 465 4135 Ἕκτορ,
481 4067 544 4134 ἀτὰρ
562 4066 594 4122 ori
610 4071 651 4134 μοί
666 4071 720 4123 ἐσσι
738 4071 819 4136 πατὴρ
834 4072 879 4123 καί
893 4071 980 4123 πότνια
993 4071 1073 4136 μήτηρ
1153 4116 1158 4127 .

360 4137 404 4208 ἡδὲ
420 4143 577 4206 κασίγνητος,
593 4139 624 4195 σὺ
639 4143 665 4196 δὲ
680 4162 721 4208 μοι
736 4145 836 4208 θαλερὸς
848 4142 1011 4211 παρακοίτης.

174 4243 197 4293 3.
216 4243 261 4293 Hic
279 4242 378 4293 videtur
401 4256 455 4291 esse
476 4242 602 4304 multiplex
624 4242 693 4290 verbi
714 4245 825 4306 δαιμόνιε
846 4255 933 4290 seusus
957 4242 991 4306 (ν.
1015 4241 1097 4292 Sehot.
1119 4242 1136 4291 i.
1159 4241 1183 4292 h.
1205 4242 1221 4292 l.
1242 4247 1266 4294 et

143 4317 255 4374 Esurire,
269 4315 380 4364 Lexicon
395 4312 570 4376 homericum).
587 4312 676 4361 Lenius
690 4313 801 4376 increpat
815 4313 893 4361 virum
908 4313 1088 4367 Andromacha.

175 4387 198 4434 Ι.
218 4389 292 4445 Aea,
309 4387 337 4445 11,
351 4385 399 4435 706
413 4399 485 4448 sqq.;
503 4384 617 4435 toa-710.
