2844 4928
573 294 670 339 elrur
696 294 846 339 mariun.
1231 276 1273 340 97

148 460 287 558 eulpam
307 468 383 554 ejus
402 468 502 534 nobis
521 470 557 534 in
572 469 775 536 memoriam
790 467 1083 559 opportunissime
1097 473 1237 535 revocet
1248 470 1270 552 ¹,

148 579 183 641 et
209 577 308 664 quasi
331 576 434 643 tacito
463 576 627 642 lectorem
656 598 830 669 quemque
858 576 1067 644 severiorem
1090 575 1137 643 ad
1159 578 1274 664 ignos-

148 682 298 749 cendum
316 683 524 772 peritissime
544 682 706 751 deducat.

195 790 286 872 Quid
320 813 402 857 vero
436 791 471 856 in
503 790 568 857 isto
604 791 718 880 quarti
749 791 830 858 libri
861 791 930 858 fine
960 791 1136 882 prioribus
1161 795 1272 884 poetis

147 897 323 982 Vergilius
355 897 527 980 debuerit,
560 920 630 964 non
659 921 724 984 ego
753 899 895 989 quidem
923 899 1036 966 video.
1063 894 1150 982 Quis
1182 902 1273 967 enim

147 1012 227 1073 ante
246 1004 438 1091 Vergilium
457 1009 560 1095 poeta
580 1005 656 1071 illas
683 1007 935 1074 contrariarum
959 1007 1186 1097 cupiditatum
1206 1007 1274 1074 dis-

147 1113 433 1202 crepantiumque
463 1112 672 1191 studiorum,
704 1135 772 1179 una
800 1119 915 1181 tamen
944 1113 1066 1181 eodem
1090 1114 1126 1180 in
1158 1121 1273 1183 animo

146 1220 371 1300 versantium,
394 1217 652 1306 conjunctiones
672 1224 732 1285 aut
751 1219 944 1310 descripsit,
967 1226 1026 1287 aut
1053 1222 1156 1287 etiam
1179 1245 1275 1311 pers-

147 1327 267 1417 pexit?
287 1323 370 1406 Quis
385 1330 533 1394 secretas
551 1325 627 1393 illas
648 1348 688 1393 ae
707 1327 800 1393 leves
821 1327 1020 1395 adfectuum
1041 1330 1272 1417 quorundam,

147 1433 272 1499 animis
291 1433 513 1522 pertinaciter
533 1432 866 1517 adhaerescentium,
891 1440 926 1502 et
949 1435 1219 1517 immutationes
1242 1442 1276 1503 et

144 1539 429 1608 imminutiones?
448 1539 497 1606 Ex
521 1540 562 1608 iis
582 1538 739 1607 femineis
759 1543 933 1630 personis,
960 1564 1047 1632 quas
1067 1542 1275 1609 anteceden-

144 1651 198 1712 tes
217 1650 340 1735 poetae
359 1647 395 1711 in
409 1646 485 1736 pari
505 1646 712 1730 conditione,
731 1670 800 1737 qua
814 1647 903 1715 Dido
923 1654 986 1730 est,
1005 1649 1271 1732 collocaverant,

146 1775 257 1842 ecqua
276 1753 450 1843 reperitur
468 1755 524 1820 eui
542 1759 658 1821 tantus
678 1777 788 1844 usque
809 1761 1011 1846 permaneat
1030 1757 1134 1823 invisi
1152 1756 1274 1846 prodi·

147 1860 232 1927 toris
263 1880 376 1940 amor,
410 1883 557 1950 quamve
589 1862 710 1928 similis
744 1863 866 1929 subeat
895 1884 979 1948 erga
1008 1863 1122 1930 virum
1149 1865 1270 1947 istum,

146 1989 252 2058 quem
266 1989 379 2057 nuper
397 1989 503 2058 supra
522 1973 655 2035 eeteros
674 1971 799 2036 mirata
818 1971 873 2053 sit,
892 1970 1136 2060 contemptus?
1155 1971 1274 2059 Ecqua

145 2074 248 2140 nobis
268 2074 417 2141 occurrit
440 2098 541 2164 quae,
567 2075 709 2143 Didonis
728 2076 849 2160 instar,
871 2100 974 2144 verae
999 2077 1199 2167 solidaeque
1218 2077 1272 2144 ul-

146 2181 248 2247 tionis
278 2182 447 2271 voluptati
471 2203 570 2249 suam
597 2176 883 2274 ipsius'mortem
902 2185 1119 2274 praeponat?
1153 2184 1272 2251 Ullane
1300 2272 1303 2277 ἡ

146 2309 278 2371 earum,
302 2293 379 2355 ante
403 2288 585 2373 Didonem,
618 2295 680 2373 est,
710 2313 799 2380 qnae
824 2290 973 2380 denique
1002 2296 1072 2358 tam
1100 2292 1273 2359 sincerum

144 2396 236 2462 vitae
255 2395 432 2462 fastidium
456 2401 516 2463 aut
541 2404 612 2464 tam
638 2397 812 2464 insolitam
832 2399 952 2465 mortis
972 2399 1219 2488 appetitionem
1239 2403 1273 2464 et

146 2501 247 2569 dietis
266 2508 300 2569 et
318 2525 356 2570 re
383 2502 564 2570 declaret?
585 2504 680 2587 Quae
709 2510 832 2572 cuncta
860 2527 902 2572 ne
930 2505 1103 2570 tantillum
1130 2505 1271 2594 quidem

145 2610 260 2696 attigit
288 2612 460 2700 quispiam
497 2594 590 2679 alius'
610 2613 645 2678 in
674 2613 877 2701 antiquitate
903 2614 1072 2703 seript0r3
1100 2613 1161 2680 sed
1184 2613 1270 2682 haee

144 2718 262 2784 omnia
280 2719 420 2784 omnino
440 2718 643 2805 Vergiliana
663 2724 741 2786 sunt
754 2720 776 2787 ².

177 2837 186 2873 i

177 2966 201 3018 l.
218 2962 341 3029 Vergilius
356 2970 380 3015 et
395 2968 447 3029 ipse
462 2967 626 3030 profitendum
641 2972 725 3017 censet
744 2983 795 3017 non
811 2968 906 3017 nzerita
923 2971 1005 3018 morte
1015 2969 1127 3033 periisse
1144 2968 1271 3020 Didonem

146 3037 280 3102 (1v‚696).

177 3110 202 3162 2.
222 3109 338 3170 Rraaaeu,
363 3109 452 3159 Gescb.
473 3111 499 3160 d.
519 3110 584 3160 rd'm.
608 3111 750 3177 Dicbtunp,
773 3110 807 3170 ll,
829 3127 854 3174 p.
878 3111 921 3173 63,
944 3126 974 3160 ex
996 3112 1121 3161 historicis
1142 3112 1272 3162 latinarum

145 3181 282 3231 litterarum
297 3182 492 3240 recentissimus,
515 3182 577 3231 bene
591 3183 702 3245 agnoseit
717 3186 833 3246 quantum
847 3184 878 3232 ab
899 3184 1125 3233 Alexandrinorum
1151 3183 1273 3248 sentiendi

148 3251 299 3317 dicendique
323 3254 399 3301 lenna
420 3258 521 3316 quartus
538 3254 578 3302 ille
598 3255 661 3303 liber
677 3255 780 3304 diflerat.
803 3255 885 3318 Neque
908 3257 971 3304 enim
989 3255 1175 3314 Callimachum,
1194 3269 1272 3319 neque

144 3323 249 3386 eosqui
270 3328 390 3386 posteum
409 3325 709 3387 scripse1·unt,materiam
726 3324 833 3389 Vergilio
856 3327 1027 3390 suppeditasse
1051 3327 1188 3377 confltetur.
1212 3327 1271 3375 Plus

146 3399 228 3444 autem
242 3407 272 3443 ex
287 3395 420 3458 Apollonii,
431 3411 525 3445 -cum
540 3398 625 3446 multis
639 3397 740 3456 criticis,
757 3397 814 3445 inde
828 3413 843 3446 a
857 3397 944 3446 Scauro
962 3397 1093 3460 (ed.Thilo,
1110 3401 1129 3446 t.
1144 3397 1164 3455 Ι,
1180 3412 1203 3460 p.
1216 3397 1271 3460 459)
1313 3421 1315 3424 >

146 3469 171 3514 et
192 3465 319 3514 Maenorro
334 3467 361 3528 (l.
381 3466 411 3526 V,
427 3483 481 3530 cap.
496 3469 556 3530 xvir)
572 3483 648 3532 usque
665 3469 696 3517 ad
711 3469 825 3531 aequales
845 3473 952 3528 nostros
968 3496 998 3506 —
1014 3467 1104 3517 Medea
1118 3467 1272 3531 desumptum

146 3537 271 3596 deciman
291 3564 323 3574 —
340 3539 482 3600 quantulum
505 3554 564 3588 vero
587 3540 633 3588 hoe
656 3541 696 3602 sit,
719 3541 884 3589 demonstrare
907 3545 1007 3589 conatus
1029 3555 1090 3588 sum.
1108 3540 1272 3588 —Nonnihil

146 3622 242 3671 quoque
256 3609 367 3671 Euripidi
383 3623 397 3657 a
411 3609 618 3673 Vergilio—deberi
633 3612 732 3674 subjicit
748 3612 867 3672 Rraancu;
883 3611 941 3675 quid
962 3626 1021 3660 vero
1042 3615 1066 3659 et
1085 3614 1201 3673 quantum
1221 3625 1270 3659 non

146 3681 234 3742 magis,
251 3685 276 3729 ut
291 3681 386 3744 opinor,
402 3687 511 3744 apparet.
