2844 4928
613 317 691 363 rias
714 319 818 364 PRIOR.

296 491 331 539 Er
340 491 400 555 jam
411 489 496 554 jussa
511 491 590 546 iacit.
600 497 780 555 ponuntque
794 492 900 544 ferocia
915 493 1003 545 Poeni

296 570 389 623 Corda
404 571 522 622 volente
537 571 590 622 deo
605 587 612 633 ;
627 572 658 622 in
677 572 780 637 primis
795 574 896 637 regina
909 573 1041 638 quietum
1090 620 1093 624 .

295 651 410 716 Accipit
424 651 456 702 in
471 651 598 704 Teucros
611 649 746 704 animum
763 657 958 717 mentemque.
968 653 1140 719 benignam.

182 831 272 897 'Nec
298 831 409 921 plura.
446 831 496 897 De
521 830 690 921 Cupidine
718 832 823 914 item3
860 834 987 899 etenim
1014 832 1101 899 illud
1127 834 1284 922 primum

156 919 501 1005 animadvertendum
529 944 597 1021 est,
626 941 730 1005 etiarn
755 945 941 1031 antequam
965 941 1105 1026 ingruat
1125 938 1281 1031 Cupide,

152 1045 227 1132 jam
244 1049 326 1112 tunc
344 1045 499 1131 Aeneam
519 1047 628 1112 amari
646 1069 667 1113 a
686 1045 840 1134 Didone1
864 1068 871 1114 :

281 1241 432 1317 Obstipuit
453 1241 548 1306 primo
564 1240 706 1304 adspectu
723 1237 840 1293 Sidonia
857 1238 949 1302 Dido;

272 1324 357 1387 ¹Casu
370 1321 477 1374 deinde
492 1319 543 1373 viri
558 1325 669 1373 tanto...

157 1492 283 1581 quibus
311 1491 425 1558 verbis
447 1490 520 1585 jam
546 1491 628 1558 satis
647 1491 757 1580 liquet
774 1490 930 1578 reginam
950 1495 983 1556 et
1007 1513 1070 1580 per
1089 1491 1284 1560 oblactatos

156 1600 274 1666 oculos
291 1605 324 1666 et
341 1621 405 1689 per
424 1600 607 1666 mirantem
628 1600 918 1688 miserantemque
939 1599 1092 1664 animum
1112 1622 1183 1665 una
1199 1623 1284 1691 eap-

130 1753 132 1759 ,
155 1712 226 1773 tam
247 1711 280 1773 et
298 1706 552 1789 labefactatam,
573 1706 704 1796 duplici
723 1705 874 1795 quodam
889 1706 1015 1774 amoris
1032 1705 1174 1773 vulnere
1187 1707 1283 1774 ultro

69 1878 76 1894 ,
155 1814 342 1881 vulnerari.
366 1812 635 1904 Superveniente
656 1813 835 1902 Cupidine,
854 1814 929 1900 jam
948 1819 1048 1879 antea
1064 1837 1146 1903 pars
1165 1816 1283 1902 major

156 1922 270 2011 operis
290 1927 431 2012 peracta
450 1928 513 1990 est.
784 1933 786 1936 ’

159 2088 160 2091 ,
200 2027 332 2104 Deinde
367 2033 409 2096 et'
431 2029 548 2120 ipsum
577 2028 722 2096 Veneris
756 2028 818 2094 filii
847 2029 882 2093 in
913 2027 1081 2114 Didonem
1107 2030 1281 2119 impetum

155 2135 278 2203 leviter
296 2120 534 2202 tantummodo
558 2137 696 2222 attingit
720 2135 906 2222 Vergilius
935 2141 969 2202 et
992 2138 1128 2222 attingit
1150 2138 1212 2219 ite,
1235 2160 1279 2204 ne

154 2241 235 2326 tela,
258 2265 301 2308 ne
322 2265 451 2326 arcum,
479 2266 523 2310 ne
547 2243 732 2311 blanditias
752 2266 791 2311 ac
810 2243 908 2311 dolos
928 2244 1045 2334 pusilli
1071 2243 1127 2310 dei
1152 2247 1278 2312 memi-

154 2350 263 2433 nerit;
291 2373 355 2418 nec
374 2351 592 2435 miraculum,
620 2375 688 2441 quo
712 2352 784 2435 fiat,
815 2350 991 2433 describit,
1018 2351 1078 2417 sed
1102 2351 1223 2418 solitos
1244 2359 1279 2420 et

154 2458 328 2526 naturales
356 2460 514 2526 miraculi
537 2459 643 2546 hujus
673 2459 825 2527 effectus.
855 2458 1035 2549 Cupidinis
1057 2459 1148 2524 enim
1167 2458 1277 2527 Dido-

152 2587 232 2631 nem
251 2568 407 2652 aggressi
425 2567 560 2656 pictura
578 2566 664 2632 nihil
684 2567 779 2632 aliud
798 2573 849 2634 est
869 2588 972 2656 qnam
992 2572 1202 2633 secretarum
1219 2567 1278 2635 lli-

116 2682 118 2690 ‘
152 2670 250 2738 donis
270 2673 314 2739 de
332 2675 520 2764 praeterita
540 2697 579 2740 ac
598 2680 780 2764 praesente
799 2675 869 2740 vita
889 2675 1134 2760 cogitationum
1153 2676 1277 2743 verisi-

149 2780 241 2847 milis
262 2781 472 2848 enuntiatio²
496 2802 503 2847 :

661 2909 701 2958 At
716 2917 829 2957 memor
844 2905 897 2958 ille

350 2986 451 3038 Matris
466 2985 617 3044 Acidaliae
632 2986 775 3050 paulatim
791 2985 894 3037 abolem
908 2987 1061 3051 Sychaeum

350 3067 464 3132 Incipit,
480 3072 510 3119 et
523 3068 583 3117 vivo
599 3071 694 3120 tentat
706 3072 891 3132 praevertere
904 3081 996 3117 amore

349 3147 519 3214 lampridcm
530 3148 630 3199 resides
645 3149 752 3199 animos
764 3148 944 3212 desuetaque
958 3147 1051 3199 corda.

170 3392 172 3398 .
192 3326 256 3394 Hie
276 3327 383 3413 igitur
402 3350 540 3417 quoque
562 3326 866 3418 (quemadmodum
886 3326 928 3393 de
948 3326 1083 3410 Amata,
1105 3327 1150 3393 ab
1169 3328 1274 3398 Alec-

147 3438 228 3501 tone
255 3433 407 3519 efferata,
436 3435 512 3501 fieri
535 3434 742 3526 videbimus)
771 3426 970 3526 portentoso
995 3436 1144 3504 numinis
1164 3436 1272 3504 inter-

146 3543 264 3611 ventui
289 3542 440 3609 humana
465 3542 687 3633 quaedamet
704 3550 849 3610 naturae
875 3549 1012 3612 nostrae
1038 3549 1272 3614 consentanea

177 3818 199 3867 1.
216 3816 252 3866 Cl.
269 3818 345 3876 Aen„
360 3818 378 3876 l,
393 3817 449 3877 613,
466 3816 521 3878 659,
537 3817 592 3877 670,
609 3818 656 3868 712
670 3833 723 3882 sqq.
739 3846 770 3855 -
785 3819 855 3867 Errat
869 3818 1012 3878 Conrueron,
1029 3834 1083 3868 curn
1101 3820 1124 3867 in
1140 3820 1270 3883 ingeniosa

143 3893 250 3939 ceterum
262 3893 286 3937 et
299 3889 440 3952 plerumque
450 3903 507 3938 vera
522 3890 702 3949 dissertatione,
716 3891 816 3939 scribit:
829 3910 840 3935 a
852 3889 941 3939 Dido's
956 3891 1036 3954 fleme
1050 3891 1098 3940 hae
1111 3891 1174 3940 been
1190 3891 1268 3942 kind-

144 3960 247 4011 lederet
261 3962 332 4024 from
346 3960 448 4020 within,
472 3959 519 4010 bat
542 3963 611 4025 from
633 3961 750 4020 without,
769 3962 801 4026 by
823 3978 840 4011 a
863 3962 1052 4026 supernataret
1069 3977 1165 4026 power.
1187 3982 1199 4006 r
1219 3965 1268 4013 ln-

145 4032 224 4090 trod„
239 4047 264 4094 p.
281 4032 331 4096 13.)

173 4103 198 4154 2.
216 4104 348 4167 Perpetem
364 4103 452 4164 Cluen,
468 4119 507 4166 op.
524 4106 576 4163 cit,
593 4120 617 4167 p.
633 4106 672 4163 24,
689 4106 720 4154 de
740 4106 785 4155 hoe
808 4107 930 4166 Mercurii,
947 4108 1010 4155 sicui
1024 4111 1048 4155 et
1061 4107 1163 4154 aliorum
1178 4107 1203 4154 iu
1218 4109 1267 4157 Ae-

143 4176 216 4225 neide
230 4175 340 4237 deorum,
363 4176 499 4225 interventu
516 4191 521 4224 :
539 4196 551 4221 «
569 4176 619 4226 dus
635 4177 789 4241 Einpreifea
801 4177 848 4226 der
868 4178 957 4227 Ge'tter
972 4179 1007 4227 iet
1027 4176 1099 4226 nicht
1114 4192 1166 4226 nur
1180 4179 1266 4238 nicht,

144 4246 191 4294 wie
205 4245 246 4295 bei
259 4249 361 4305 Homer,
377 4247 423 4295 der
436 4249 564 4309 poetisclte
579 4247 716 4297 Ausdruclc
729 4250 776 4313 fiir
791 4249 849 4307 das,
864 4265 917 4299 was
933 4249 975 4298 die
988 4248 1059 4299 Seele
1074 4249 1119 4298 des
1129 4248 1267 4302 Mennim

144 4315 249 4434 gpwept,
264 4318 378 4367 condem
392 4333 422 4367 ee
432 4317 501 4368 stela
511 4321 539 4370 ia
549 4319 773 4385 anpesproclrcnea
786 4320 928 4384 Gepcneaiz
943 4337 975 4371 zu
986 4320 1071 4370 dieser
1085 4321 1238 4386 Bcwepunp.
1251 4342 1264 4367 υ

177 4424 182 4436 .
201 4389 306 4438 intrude
321 4391 414 4439 Amata.

8 4544 346 4608 m.-
