2844 4928
146 303 207 368 ro,
276 291 278 301 ’
347 330 351 339 ·
605 322 684 370 raas
705 321 811 370 nnios.

145 504 236 564 tem¹
256 519 447 589 sensusque
468 520 547 565 suos
558 497 685 566 Didoni
702 497 805 565 nimis
823 495 1046 588 impudenter
1065 499 1127 563 aut
1139 496 1262 563 intem·

146 606 278 695 pestive
298 606 546 681 declarantis...
568 605 663 687 Quae
681 613 796 672 tamen
816 606 943 687 omnia,
960 603 1079 687 erede,
1096 625 1169 671 non
1190 605 1264 674 satis

147 719 276 796 essent,
298 753 343 762 -
360 714 427 780 nisi
445 713 534 780 Dido
555 713 658 798 adsit,
677 753 723 800 —,
740 719 778 780 ut
796 719 866 779 tam
882 711 1039 778 odiosum
1055 733 1137 778 eum
1153 717 1267 778 etmo-

145 820 271 887 lestnm
290 820 466 888 efficerent
488 828 592 911 quam
612 843 732 888 revera
753 820 853 887 nohis
874 819 1023 886 videtur.

190 927 346 1018 Namque
367 928 641 995 animadvertere
657 950 807 1018 aequum
824 933 876 994 est
895 949 963 994 non
983 926 1124 992 omnino
1139 927 1269 1017 imper-

146 1033 323 1101 turbatum
364 1057 543 1101 remanere
577 1035 750 1118 Aeneam,
780 1056 893 1124 neque
930 1038 1004 1099 tam
1040 1033 1269 1101 inhumanum

147 1163 346 1232 essequam
375 1141 451 1209 fieri
475 1143 606 1232 potuit3
637 1147 740 1231 atque
763 1141 860 1207 illam
880 1139 956 1228 ejus
980 1140 1107 1206 totiens
1137 1140 1272 1207 inausa-

146 1255 217 1315 tam
244 1250 424 1318 saevitiam
454 1249 522 1316 diei
550 1271 652 1339 posse
676 1249 753 1331 viri,
775 1248 834 1338 qui
863 1247 929 1315 sibi
955 1269 1066 1336 usque
1096 1247 1271 1338 imperare

147 1357 255 1440 vult²,
278 1362 444 1448 cavetque
468 1378 512 1423 ne
541 1358 594 1423 sui
625 1357 751 1447 impos,
784 1355 1012 1422 labefactante
1042 1358 1272 1423 constantiam

147 1463 396 1548 misericordia,
419 1463 489 1532 fiat.
507 1491 523 1526 «
545 1463 695 1540 Obataas
713 1491 729 1527 »
747 1464 838 1530 enim
857 1462 1005 1546 Aeneas,
1021 1462 1135 1552 inquit
1155 1470 1270 1554 poeta,

492 1716 593 1758 euram
612 1705 667 1758 sub
682 1704 769 1759 eorde
781 1704 937 1771 premebat³

148 1929 182 1989 et
197 1943 341 2012 maqaas
354 1920 585 2012 persentiebat

653 2163 769 2225 pectore
780 2159 889 2212 ausast.

146 2377 223 2445 Non
243 2398 325 2445 sane
344 2377 373 2447 is
389 2381 441 2443 est
456 2377 516 2465 qui
531 2380 644 2442 mente
661 2397 815 2465 unquam
834 2370 1037 2464 assequetur
1053 2374 1099 2464 (in
1113 2373 1183 2442 hoo
1200 2379 1274 2467 qui-

147 2485 227 2554 dem
255 2486 375 2552 Annae
405 2483 604 2575 consimilis)
631 2505 740 2573 usque
770 2505 810 2550 eo
836 2504 1102 2573 progressurum
1127 2483 1273 2552 Didonis

146 2593 304 2671 dolorem
331 2614 400 2683 quo
428 2613 551 2658 revera
585 2590 765 2675 devenit³3
793 2590 855 2657 sed
875 2595 989 2659 tamen
1015 2590 1274 2681 aliquantulum

176 2872 198 2922 i.
217 2870 253 2920 De
263 2871 375 2919 versibus
385 2866 497 2920 338-339.
507 2867 622 2924 Bounisn,
634 2866 680 2915 Les
689 2867 800 2916 Amoars
809 2867 842 2916 de
851 2865 944 2924 Didaa,
959 2869 991 2915 tr.
1000 2867 1048 2930 sa,
1058 2866 1139 2929 Pras„
1151 2881 1176 2930 p.
1189 2881 1274 2917 mn:
1286 2910 1290 2920 ,

146 2943 251 2992 «Cette
265 2935 432 2991 declaration
446 2938 497 2988 m'a
511 2952 582 3004 para
597 2939 622 2987 si
637 2938 703 2988 dare
718 2953 769 3003 que
778 2937 831 3003 j'ai
846 2936 953 2987 cherchi
967 2940 984 2987 ὰ
998 2937 1128 2989 l'adoucir
1142 2937 1214 2989 dans
1228 2953 1274 2990 ma

148 3015 336 3064 traductiaa.»

176 3087 200 3136 2.
226 3085 267 3144 Ν,
290 3083 415 3134 sto-:341
436 3104 447 3130 ι(
473 3084 511 3134 Me
532 3083 552 3131 si
573 3084 622 3132 sata
644 3083 705 3132 meis
725 3086 866 3146 paterentur
884 3082 975 3131 ducere
992 3082 1066 3130 vitam
1088 3080 1231 3144 Auspiciis,
1251 3087 1275 3132 et

146 3163 232 3222 sponte
254 3171 308 3205 mea
328 3170 472 3218 componere
498 3169 599 3205 curas...
617 3155 705 3203 Post
718 3153 777 3212 hoa
793 3168 848 3202 eum
862 3153 983 3202 dicturum
998 3152 1099 3211 eredas,
1115 3157 1139 3200 et
1154 3167 1201 3201 nos
1218 3167 1275 3203 ore-

147 3231 206 3280 dere
221 3229 322 3278 iorsitan
332 3228 456 3290 Vergilius
471 3218 557 3275 artis
527 3240 603 3276 arose
616 3226 728 3275 voluit
744 3230 824 3274 tecum
843 3224 988 3288 Carthagine
1004 3237 1158 3273 manerem›
1152 3223 1274 3274 »Verum

146 3316 195 3350 non
210 3299 296 3348 deceat
312 3300 418 3347 Aeneam
433 3298 502 3360 quasi
514 3298 615 3346 invitum
639 3301 663 3346 et
677 3302 787 3346 eoactum
803 3296 882 3345 videri
899 3296 980 3344 aDiis
998 3296 1030 3344 ad
1045 3295 1137 3344 ltaliam
1150 3296 1236 3359 abripi
1250 3302 1275 3348 et

147 3371 276 3435 compelli3
289 3370 361 3419 aliter
377 3370 452 3432 igitur
467 3371 539 3431 poeta
555 3368 681 3430 pergit:«
740 3367 829 3417 Urbem
847 3367 1006 3428 Trojanam...
1021 3367 1134 3416 colerem.
1152 3385 1164 3412 a

177 3443 201 3492 3.
218 3442 259 3505 Ν,
274 3441 329 3493 333.
346 3441 386 3490 Oi.
402 3439 443 3499 Ν,
458 3438 506 3489 395
522 3454 528 3488 ;
542 3440 617 3488 multa
632 3454 730 3503 gemens
751 3453 887 3502 magnoque
901 3440 1005 3487 animum
1020 3439 1154 3487 labefactas
1174 3453 1271 3493 amore.

145 3542 178 3552 -
192 3514 229 3565 Ct.
244 3530 269 3565 v.
283 3513 338 3562 361.
355 3512 382 3560 ln
397 3515 467 3561 sexto
482 3514 562 3559 autem
577 3511 650 3571 libro,
665 3516 758 3560 tantum
772 3525 821 3560 non
836 3515 945 3559 tenerum
964 3525 990 3559 se
1011 3514 1128 3573 praestat.
1143 3510 1196 3576 (VI,
1212 3511 1271 3574 458,

145 3585 200 3647 466,
216 3586 269 3635 tos.

177 3659 200 3708 4.
217 3656 258 3718 Ν,
272 3586 329 3708 its.
345 3684 375 3693 -
391 3655 433 3705 Sia
447 3655 511 3704 enim
523 3659 636 3704 recentes
651 3655 842 3718 interpretantur
859 3653 936 3702 critici
951 3653 1016 3703 hune
1030 3667 1141 3705 versum:

465 3795 487 3832 et
500 3801 589 3844 maana
600 3788 708 3843 persentit
717 3793 806 3844 pectore
816 3799 880 3831 eures

147 3919 184 3972 Cf.
210 3916 335 3979 KvitanA,
360 3915 525 3979 Erklttruap,
547 3929 573 3978 p.
600 3914 654 3965 125.
679 3913 763 3978 Neque
784 3914 848 3962 enim
871 3919 972 3996 apparet
995 3927 1038 3963 eur
1056 3914 1097 3963 hie
1137 3915 1272 3969 emensae

148 3990 311 4057 ‹miphty
295 3988 408 4038 breast»
427 3986 583 4051 (Coniroron)
605 3986 720 4049 loquatur
741 3985 881 4048 Vergilius:
897 3986 945 4033 nisi
967 3986 1069 4034 forsitan
1085 4000 1183 4051 maqao
1204 3989 1273 4039 idem

147 4063 267 4112 valeatne
282 4059 459 4125 mapaaaimo.
476 4059 538 4107 Num
561 4070 620 4106 vero
638 4057 740 4105 latinum
760 4056 831 4119 illud,
851 4058 995 4118 praesertim
1016 4071 1071 4107 eum
1087 4062 1194 4123 pectore
1212 4074 1274 4112 eon·

144 4135 255 4198 junctum
268 4132 387 4180 verbum?

178 4205 203 4257 5.
221 4203 291 4264 Quod
306 4202 404 4266 quidem
414 4201 477 4250 ille
471 4213 523 4264 ipse
538 4200 642 4264 ingenue
664 4199 773 4249 inserto
789 4199 853 4250 libro
867 4199 976 4251 fatetur:

600 4336 639 4368 nea
651 4324 741 4368 eredere
752 4325 814 4381 quivi

342 4390 407 4436 Hono
420 4395 507 4435 tentum
517 4387 559 4433 tibi
573 4400 608 4432 me
622 4389 723 4434 discessu
737 4387 795 4432 terre
809 4387 919 4434 dolorem.
933 4405 943 4432 ι
956 4389 1080 4444 (tes-rsa.)
