2844 4928
163 317 227 382 134
575 337 652 383 rias
676 331 860 383 rosrnmoa:

206 539 223 572 «
243 510 328 593 Quis
350 540 366 574 »
389 516 426 576 ut
443 511 491 576 ait
504 512 580 601 ipse
600 510 787 598 Vergilius,

529 681 627 733 tallere
646 680 741 745 possit
754 683 924 732 amantem?

485 761 591 813 Omnia
606 768 670 813 tuta
687 762 801 813 timet...

157 903 301 970 Fallitur
316 911 430 971 autent
440 905 599 971 facillime
616 906 715 971 Anna
729 906 926 972 amoritura
940 905 1076 972 Didone
1093 928 1202 996 seque
1212 912 1279 973 tum

159 1008 303 1101 praebet
323 1011 462 1077 minime
487 1013 735 1101 perspicacem.
762 1011 887 1077 Didoni
913 1013 1005 1078 enim
1029 1013 1278 1102 tranquillioris

158 1122 192 1183 et
217 1117 399 1206 pacatioris
419 1119 524 1184 animi
549 1119 698 1206 speciem
719 1141 804 1208 prae
823 1141 860 1184 se
878 1118 1002 1185 ferenti
1022 1119 1171 1205 credula
1190 1141 1280 1187 soror

156 1246 225 1289 non
255 1223 391 1290 diffidit.
427 1223 585 1304 Quietem
611 1225 722 1306 illam,
753 1248 841 1313 quae
866 1225 970 1314 paulo
999 1230 1078 1291 ante
1104 1226 1280 1316 provideri

158 1329 253 1395 nullo
274 1330 376 1396 modo
396 1318 550 1420 profec'to
569 1332 699 1421 potuit,
722 1332 886 1421 illamque
906 1331 1043 1398 facilem
1067 1354 1109 1398 ac
1133 1333 1282 1399 subitam

158 1459 270 1525 nuper
288 1437 375 1503 adeo
394 1438 539 1504 furentis
563 1439 710 1505 feminae
740 1440 1011 1520 conversionem,
1037 1461 1110 1505 non
1138 1440 1282 1507 miratur

161 1542 261 1608 Anna
279 1566 348 1609 neu
372 1549 567 1633 suspectam
587 1544 703 1611 habet.
727 1544 896 1611 Didonem

485 1711 624 1764 simulata
639 1717 739 1764 mente
755 1713 886 1765 locutam

157 1813 224 1857 non
245 1791 426 1878 intellegit.

200 1896 388 1987 Postquam
422 1899 529 1985 igitur
562 1901 684 1986 regina
718 1901 749 1966 ei
785 1900 941 1986 magicas
978 1906 1069 1965 artes
1105 1901 1279 1990 exposuit,

156 2005 282 2094 quibus
306 2006 380 2072 fore
402 2012 437 2072 ut
458 2007 513 2072 vel
532 2007 599 2072 sibi
618 2007 785 2074 reddatur
808 2008 955 2090 Aeneas,
981 2007 1036 2073 vel
1054 2007 1133 2096 ipsa
1158 2007 1281 2074 abillo

157 2113 256 2202 quasi
271 2113 440 2197 solvatur,
463 2136 601 2203 sperare
622 2116 680 2197 ait,
703 2121 806 2204 atque

358 2282 431 2334 haec
444 2281 533 2335 effata
548 2281 616 2334 silet
632 2299 639 2334 :
655 2282 748 2348 pallor
762 2282 851 2334 simul
865 2287 987 2347 occupat
999 2294 1057 2343 ora,

156 2449 223 2492 non
253 2427 421 2516 pallorem
450 2428 566 2511 istum,
597 2428 712 2493 arcani
740 2427 921 2514 cujusdam
941 2432 974 2493 et
996 2427 1123 2493 funesti
1143 2426 1278 2495 consilii

155 2535 253 2622 quasi
273 2535 498 2623 proditorem,
523 2535 604 2602 satis
625 2534 867 2601 animadvertit
881 2535 1014 2618 Anna¹,
1036 2554 1278 2617 neesororem

153 2642 257 2707 sentit
283 2642 403 2708 ultimo
431 2643 490 2708 illo
519 2642 818 2730 intentissimeque
844 2641 879 2706 in
901 2639 1162 2706 dissimulandis
1185 2641 1278 2727 cogi·

153 2748 340 2814 tationibus
361 2750 432 2815 suis
453 2751 529 2814 nisu
550 2748 644 2814 velut
664 2747 864 2814 exhaustam
880 2747 1050 2814 fatiscere.

199 2854 273 2936 Qua
301 2878 382 2922 vero
409 2856 451 2922 de
478 2878 593 2938 causa,
612 2855 677 2923 nisi
702 2855 783 2944 quia
806 2878 927 2921 revera
950 2876 1017 2920 non
1038 2858 1154 2920 mente
1182 2855 1279 2921 adse·

152 2963 269 3051 quitur
287 2969 421 3030 tantum
448 2963 615 3044 dolorem,
639 2963 693 3027 cui
718 2967 939 3052 praematura
963 2961 1123 3028 adhiberi
1149 2963 1278 3029 solacia

152 3070 373 3160 subitumque
394 3071 498 3137 finem
517 3071 648 3160 imponi
668 3091 770 3159 posse
787 3071 982 3136 existimet?
1001 3068 1101 3149 Quod
1121 3074 1277 3137 ceterum

152 3178 278 3268 etipse
298 3186 400 3267 poeta
417 3179 501 3246 dixit
523 3201 530 3248 :

440 3334 442 3338 ’
497 3350 560 3400 Non
575 3351 675 3398 tantos
690 3353 790 3399 mente
804 3345 919 3398 dolores

306 3417 445 3483 concipit,
461 3423 513 3470 aut
528 3421 664 3483 graviora
681 3419 764 3471 timet
779 3430 868 3483 quam
883 3421 977 3470 morte
992 3415 1138 3480 Sychaei&

181 3614 203 3664 1.
220 3615 362 3678 Quanquam
377 3615 444 3664 videt
463 3615 528 3665 hune
547 3616 673 3678 pallorem,
699 3615 770 3664 sicuti
793 3630 816 3662 v.
833 3614 879 3663 500
894 3612 1031 3662 ostenditur
1052 3625 1088 3659 :a
1109 3611 1169 3661 Non
1188 3614 1274 3662 tamen

148 3685 219 3735 Anna
234 3688 303 3739 novis
316 3691 458 3749 praetexere
474 3688 560 3736 funera
575 3688 665 3747 sacris,
682 3691 728 3736 etc.
744 3705 756 3731 »
779 3686 890 3734 Baucisr.

179 3757 204 3807 2.
222 3759 298 3816 Aen„
316 3758 428 3820 1V,502.
445 3785 475 3795 -
497 3758 646 3808 Dissimilem
662 3760 687 3806 in
705 3757 803 3807 modam
819 3758 882 3806 hunc
897 3768 993 3804 versum
1014 3754 1170 3816 explicavere
1186 3754 1272 3803 critici.

148 3828 279 3892 Perperam
295 3827 405 3888 Brasaca,
421 3831 529 3889 Barrorsr,
546 3830 783 3878 Leonum-Scatrae
800 3843 806 3877 :
824 3848 835 3873 (ι
857 3842 929 3892 quam
947 3840 1009 3888 quae
1030 3825 1053 3872 in
1077 3830 1152 3873 morte
1168 3824 1274 3888 Sychaei

147 3900 260 3948 timuerat
284 3918 305 3950 υ.
331 3901 403 3949 [tacte
430 3901 549 3962 Ssavms,
576 3900 689 3949 Wsaasa
714 3915 720 3948 ι
748 3920 760 3945 «
849 3912 921 3961 qoam
945 3910 1007 3959 quae
1028 3895 1171 3943 acciderunt
1198 3901 1274 3945 morte

147 3970 250 4032 Sychaei
274 3990 295 4031 o,
319 3973 357 4020 vel
373 3973 468 4020 Kereus
488 3992 499 4017 α
565 3986 636 4034 quam
658 3987 721 4034 quae
740 3972 836 4019 viderat
858 3973 933 4016 morte
955 3967 1058 4030 Sychaei
1079 3986 1101 4026 o,
1118 3967 1157 4014 vel
1178 3967 1272 4017 Hasax.

146 4042 297 4091 Aeacideia:
314 4062 326 4086 a
342 4059 413 4107 quam
428 4058 490 4106 quae
506 4047 582 4091 morte
598 4043 700 4104 Sychaei
716 4043 754 4090 vel
772 4043 836 4100 tecit,
853 4041 891 4088 vet
908 4054 978 4102 passa
995 4043 1032 4087 est
1047 4038 1118 4087 Dido.
1137 4056 1149 4082 »
1160 4065 1190 4073 -
1207 4038 1272 4098 Vid.,

145 4112 176 4161 de
195 4114 241 4162 hoc
264 4129 346 4174 versu,
364 4116 430 4178 aptrd
455 4115 548 4176 Iterat,
576 4109 693 4171 Aeneid„
715 4114 746 4162 ad
768 4113 808 4175 lV,
831 4111 886 4170 502,
909 4111 1042 4158 notabilem
1065 4108 1150 4157 iacobi
1171 4109 1224 4159 Fox
1243 4110 1273 4159 ad

146 4183 294 4234 starrsm
310 4187 436 4249 epistotam
452 4187 602 4250 (britannum
622 4191 712 4234 textum
733 4187 757 4232 io
779 4189 892 4247 promptu
911 4196 959 4230 non
978 4182 1029 4243 jam
1049 4181 1137 4238 habea,
1153 4194 1236 4244 neque
1248 4183 1274 4230 in

145 4255 246 4304 latinum
262 4260 382 4307 transfero
398 4274 426 4306 ne
443 4259 522 4306 ruinas
543 4258 605 4304 hene
621 4258 763 4305 sententium
785 4255 896 4315 reddam>
913 4269 918 4301 :
934 4272 946 4296 a
961 4253 990 4302 Je
1005 4253 1071 4301 crois
1085 4266 1137 4316 que
1152 4251 1180 4301 la
1197 4253 1274 4303 chose

146 4324 247 4390 lupius
261 4330 389 4393 proasiere
404 4329 471 4378 dans
486 4344 514 4377 ce
529 4327 602 4385 tiore,
619 4343 670 4376 noti
685 4330 848 4376 assurement
863 4340 898 4373 au
919 4325 994 4387 point
1012 4323 1045 4372 de
1063 4339 1109 4373 oue
1128 4324 1162 4372 de
1178 4323 1273 4373 l'inde-

147 4401 366 4458 tereramunda
378 4416 493 4465 munque
510 4400 541 4449 de
555 4400 700 4458 sentiment,
717 4403 754 4448 est
776 4398 800 4448 le
823 4412 877 4447 vers
895 4401 953 4449 502.
975 4416 986 4440 α
1002 4397 1078 4444 Atetta
1096 4397 1205 4459 pertrait
1225 4410 1274 4462 que
