2844 4928
151 313 195 378 54
579 335 677 387 ,raas
701 333 804 382 aaron.

152 507 206 575 vel
239 506 385 573 mirandi
415 507 592 594 cogitatio,
631 511 695 596 etsi
725 509 839 600 potius
876 499 1002 574 debeat
1032 509 1065 572 et
1093 505 1275 572 verissime

115 704 117 709 .
151 614 261 704 possit
279 613 450 681 hesternus
469 615 528 693 ille
548 639 646 685 amor
664 615 844 707 appellari.

176 749 178 754 ·
197 705 292 803 Quae
312 736 391 795 cum
409 723 458 788 ita
476 724 554 806 sint,
577 725 693 792 multis
713 746 794 791 sane
815 722 925 812 poetis
951 721 1038 787 nihil
1061 719 1158 787 aliud
1186 720 1277 786 ultra

151 827 193 894 de
218 827 360 905 Didonis
390 829 505 896 indole
535 830 788 920 exponendum,
811 829 873 900 sed
892 828 936 894 ad
956 829 1083 894 exitum
1108 827 1176 893 cito
1203 848 1277 893 cur-

150 935 296 1004 rendum
315 936 427 1002 visum
445 937 578 1019 fuisset,
598 960 677 1005 cum
696 937 777 1006 satis
794 937 901 1023 jame
921 935 1025 1021 longa
1043 933 1277 1022 descriptione

151 1065 192 1109 ea
226 1064 315 1132 quae
352 1044 388 1109 in
426 1042 569 1112 Didonis
603 1046 717 1111 animo
754 1027 903 1130 aguntur
940 1043 1060 1108 lectori
1097 1040 1280 1130 explorata

103 1217 104 1220 ,
150 1151 287 1223 luerint.
310 1149 486 1238 Vergilius
513 1151 912 1241 contra‘exquisitiorem
940 1150 1042 1216 etiam
1068 1149 1103 1214 in
1133 1147 1279 1215 modum

64 1272 67 1279 '
152 1257 355 1325 excutienda
384 1258 445 1324 illa
473 1280 548 1328 esse
579 1259 731 1340 censuit;
763 1257 857 1348 quod
885 1255 1026 1347 quidem
1053 1254 1112 1320 illa
1132 1253 1280 1344 perfecit

145 1365 366 1438 oratiuncula
384 1387 453 1453 qua
472 1367 581 1432 sorori
596 1364 684 1431 Dido
704 1365 843 1439 intimos
864 1385 984 1429 sensus
1004 1360 1194 1446 credidisse
1216 1361 1279 1428 fin·

140 1472 254 1556 ,gitur
284 1471 416 1562 Nempe
443 1471 497 1538 his
526 1473 562 1538 in
582 1472 696 1538 verbis
723 1472 874 1562 apertius
900 1493 940 1536 ac
965 1470 1074 1536 fusius
1094 1468 1196 1535 nohis
1218 1491 1278 1535 eae

152 1579 366 1668 explicantur
392 1577 539 1668 duplicis
571 1579 712 1669 quidem
740 1579 877 1666 generis
909 1589 1044 1659 causae,
1077 1576 1206 1664 quibus
1234 1574 1280 1642 ad

151 1685 304 1751 Aeneam
320 1685 409 1751 Dido
429 1686 612 1775 pellicitur.
755 1676 757 1683 ‚

198 1793 333 1883 Quippe
354 1815 457 1884 quam
478 1793 614 1860 Aeneae
632 1821 647 1856 «
665 1792 827 1881 adspectu
843 1792 1077 1882 obstipuisse»
1092 1791 1166 1878 jam
1178 1791 1278 1880 prius

152 1908 255 1990 poeta
274 1901 587 1990 praenuntiaverit,
609 1901 668 1967 ubi
688 1901 839 1990 primurn
859 1900 979 1985 regina
1006 1898 1143 1988 duxque
1170 1900 1279 1985 troja-

107 2059 108 2063 ,
151 2028 217 2074 nus
243 2006 336 2074 obvii
361 2008 451 2074 inter
475 2029 510 2073 se
535 2007 685 2073 luerunt.
715 2006 835 2094 Neque
864 2004 973 2072 multo
1001 2011 1079 2095 post
1097 2003 1277 2091 Vergilius

95 2099 97 2106 i
153 2113 310 2181 eamdem
326 2115 428 2183 istam
442 2115 580 2180 Aeneae
601 2113 868 2204 pulchritudinis
888 2113 1163 2194 admirationem,
1195 2110 1278 2202 (qua

150 2221 294 2311 ,quidem
318 2221 430 2310 primo
457 2242 644 2307 congressu
675 2220 835 2310 perculsa
866 2218 955 2286 Dido
982 2220 1111 2308 fuerit)
1147 2222 1277 2285 iterum

153 2327 416 2410 commemorat,
440 2350 520 2395 cum
539 2327 622 2395 dicit
640 2351 708 2395 non
728 2350 829 2417 posse
850 2329 1009 2413 reginae,
1031 2328 1066 2392 in
1085 2327 1278 2414 Astyanac-

151 2443 222 2503 tem
242 2436 360 2503 oculos
381 2435 526 2519 defixae,

463 2612 574 2677 expleri
587 2612 675 2664 corda
688 2613 805 2670 toecd0;

153 2769 365 2836 existimasse
397 2767 488 2832 enim
515 2767 613 2847 licet,
649 2789 718 2832 non
750 2771 883 2833 tantum
915 2766 1010 2832 illam
1034 2789 1054 2832 a
1079 2793 1095 2827 «
1122 2788 1274 2856 puero»

153 2876 285 2942 moveri
312 2876 405 2964 ipso,
442 2878 608 2964 quantum
640 2874 783 2940 formosi
817 2874 1040 2942 similitudine
1072 2875 1194 2963 patris.
1231 2915 1277 2925 —

153 2984 266 3073 Atque
287 2982 449 3071 deinceps
469 2981 607 3070 quando
623 2982 657 3047 in
674 3003 749 3048 sese
765 2981 948 3048 recollecta
963 2980 1063 3048 nohis
1079 2982 1277 3050 ostenditur

153 3088 258 3172 Dido,
283 3116 299 3150 «
320 3088 464 3156 haerere
487 3117 503 3151 »
526 3089 557 3154 ei

464 3265 572 3316 infixos
584 3270 702 3330 pectore
715 3265 804 3315 vultur

152 3443 272 3490 rursus
299 3418 536 3487 admonemur.
575 3419 674 3486 Nunc
706 3442 803 3500 vero,
844 3419 983 3509 quando
1019 3421 1155 3487 Annam
1189 3422 1277 3488 allo-

154 3528 282 3618 quitur,
296 3529 374 3616 ipsa
392 3525 531 3592 tandem
546 3533 713 3615 quantum
728 3526 867 3612 Trojani
890 3527 1005 3596 herois
1029 3527 1179 3594 robustis
1199 3529 1277 3596 ille—

154 3635 267 3702 cebris
288 3633 492 3701 conturbata
509 3633 622 3716 fuerit,
639 3635 790 3720 ingenua
810 3634 1021 3702 confessione
1043 3621 1195 3702 declarat
1217 3658 1225 3705 ε

280 3815 372 3875 Quam
389 3823 454 3863 sese
467 3825 511 3860 cre
526 3810 633 3874 serena,
648 3824 738 3876 quam
755 3811 823 3862 lorti
835 3819 939 3876 pectore
954 3817 984 3864 et
998 3813 1099 3863 armis!

155 3963 261 4050 Cujus
290 3963 430 4053 quidem
451 3985 568 4029 versus
587 3963 655 4028 fine
676 3963 863 4048 significari
881 3965 1017 4031 Aeneae
1043 3965 1216 4033 thoracem
1241 3975 1276 4036 et

156 4071 298 4138 lacertos
328 4068 536 4159 quibusdam
564 4092 646 4136 sane
679 4069 855 4160 displicuit
871 4072 893 4155 ¹,
933 4094 1045 4162 neque
1084 4073 1275 4143 delicatum

186 4268 209 4316 1.
229 4266 265 4318 Gt.
281 4264 399 4325 livriaci,
415 4280 480 4314 neree
495 4265 623 4330 Beitro'iqe,
639 4265 672 4328 (p.
688 4265 728 4326 76,
743 4265 781 4326 rt,
797 4266 838 4330 78)
853 4268 903 4330 qui,
915 4282 968 4317 cum
984 4269 1086 4318 Bsuorsr
1104 4274 1129 4319 et
1147 4270 1275 4321 Hsscnaa-
1294 4307 1298 4319 .

155 4355 221 4388 unua
235 4337 309 4402 (apud
325 4337 465 4398 Formosa),
482 4337 538 4385 huic
555 4337 635 4385 sensui
656 4338 808 4399 adversatur,
824 4352 902 4402 neque
919 4345 1008 4399 tamen,
1026 4345 1051 4388 ut
1064 4341 1160 4404 opinor,
1177 4344 1274 4406 proba-

156 4410 217 4460 bilia
230 4413 371 4472 argumenta
383 4408 459 4457 affert.
1036 4413 1037 4416 ’
