2844 4928
168 319 232 384 130
586 340 663 385 ruas
686 340 870 388 rosrnaroa.

165 535 246 580 nere
267 515 465 580 extrahere¹
487 519 640 596 conatur,
667 537 731 581 nee
760 515 825 583 nisi
850 515 1015 583 deficiens
1039 515 1205 599 habenas
1232 518 1292 584 im·

165 621 280 703 mittit,
311 621 355 686 ad
382 628 578 712 terramque
600 648 616 682 «
637 644 706 688 non
726 627 849 713 sponte
869 623 944 690 fluit
965 651 981 685 a
1004 625 1105 713 quasi
1125 626 1220 692 mori
1239 649 1292 692 eu·

165 730 238 818 piat
257 728 382 794 bellico
402 752 491 818 equo
511 729 692 795 considens
708 729 730 796 ².
755 729 830 795 Non
849 731 923 813 illa,
945 732 1033 797 siout
1059 732 1160 822 apud
1192 731 1293 814 Quin-

165 839 239 901 tum
257 835 477 902 Penthesilea
486 837 511 919 ³,
530 835 703 903 desiderio
718 836 804 903 lucis
829 838 927 904 eitius
950 839 1099 905 amissae
1118 839 1291 910 adficitur.

165 940 260 1006 Nihil
278 940 384 1022 aliud,
405 942 556 1008 animam
576 943 669 1008 efflat
656 947 745 1023 tura
768 943 935 1032 quamde
959 943 1051 1010 bello
1073 945 1224 1032 eogitat3
1245 946 1293 1012 ul-

163 1049 287 1114 timum
304 1048 471 1115 verbum
491 1054 554 1132 est,
529 1049 620 1116 tde
639 1049 863 1132 arcessendo,
887 1055 925 1116 ut
944 1071 1083 1141 pugnae
1112 1050 1290 1162 succedat,

165 1153 296 1221 Turno·
288 1135 508 1246 ,ultimoque
530 1160 625 1222 motu

641 1364 724 1404 arma
739 1350 880 1416 relinquit
889 1351 908 1402 ⁵.

208 1521 347 1588 Nullam
375 1521 534 1610 equidem
555 1523 588 1586 in
619 1521 867 1611 cujuscumque
899 1522 975 1588 aevi
1005 1522 1154 1612 poeticis
1181 1522 1293 1613 operi-

162 1627 240 1708 bus,
263 1669 306 1678 —
326 1630 390 1694 nisi
409 1629 550 1695 forsitan
572 1631 607 1694 in
627 1629 775 1695 heroicis
801 1627 995 1696 Suevorum
1013 1634 1074 1695 aut
1100 1629 1292 1698 Germano·

162 1756 238 1800 rum
260 1733 476 1802 Saxonumve
497 1737 682 1819 cantibus⁸,
694 1775 729 1784 -
743 1741 812 1801 tam
832 1737 1003 1802 sincerum
1019 1737 1209 1820 exstitisse,
1221 1742 1290 1803 tam

163 1842 338 1929 integrum
367 1850 412 1924 et,
434 1844 506 1909 ut
498 1843 703 1926 rtatdioam,
726 1865 897 1910 merum«
921 1842 1110 1909 bellatrieis
1132 1870 1149 1904 »
1174 1865 1289 1911 exem-

161 1949 249 2039 plar,
280 1972 385 2038 quam
410 1951 471 2016 illa
494 1949 629 2017 aVere
606 1951 702 2038 gilio,
733 1977 749 2011 ι(
780 1951 986 2017 suavissimo
1019 1954 1181 2040 poeta»
1213 1950 1289 2017 des·

163 2057 273 2146 cripta
292 2079 456 2147 persona;
479 2081 534 2123 eur
525 2057 695 2147 quidem
711 2080 792 2124 vere
813 2057 975 2123 idoneum
996 2079 1122 2124 nomeu
1142 2080 1166 2124 a
1184 2063 1287 2149 poeta

161 2164 237 2253 ipso
252 2165 464 2254 impositum,
477 2187 556 2230 oum
571 2165 615 2232 ab
635 2187 676 2232 eo
686 2165 883 2256 appellatur
898 2191 915 2226 e
926 2164 1102 2232 horrenda
1111 2166 1216 2253 virgo
1226 2167 1250 2233 ¹.
1269 2192 1286 2228 a

193 2386 216 2438 1.
231 2387 305 2448 Aera,
320 2387 363 2449 xl,
377 2387 490 2439 816.-
459 2387 586 2451 -Apud
608 2389 714 2448 Quisquis
729 2388 762 2451 (Ι,
778 2388 834 2449 655)
854 2388 963 2438 Achilles
980 2388 1056 2438 telum
1076 2402 1090 2437 e
1110 2389 1286 2484 Pentlresileae

160 2459 423 2593 cogpogzlffidlgltssm
438 2531 466 2594 (Ι,
481 2531 537 2593 628)
553 2530 709 2580 Penthesilea
722 2545 776 2580 oum
801 2532 878 2596 magis
897 2531 1001 2581 feminea
1018 2530 1189 2598 languideque
1206 2533 1283 2583 molli·

156 2601 191 2649 tra
205 2602 279 2650 eadit
295 2603 330 2651 De
342 2617 390 2666 quo
405 2603 455 2654 vid.
472 2602 568 2650 Seuere
571 2603 664 2661 Beuvu
682 2603 797 2664 Quintus
817 2602 849 2652 de
864 2603 974 2666 Smyrae
988 2605 1012 2651 et
1031 2602 1224 2666 Counnevsaux,
1241 2621 1282 2670 op

155 2671 432 2804 utute-,u
447 2759 501 2808 sqq.

184 2814 208 2862 l.
224 2817 300 2877 Aea,
312 2815 354 2874 Xl,
365 2815 480 2864 ete-827.

183 2885 206 2936 5.
223 2886 297 2946 Aea,
312 2886 354 2945 ΙΙΙ,
370 2887 425 2936 830.
448 2887 563 2950 Spurium
575 2887 670 2949 judicat
689 2887 833 2936 Penenurur
854 2901 903 2935 non
926 2886 1006 2935 solum
1025 2884 1199 2949 insequentem
1221 2902 1276 2938 rer·

153 2971 205 3004 sum
223 2994 229 3006 ¹
402 3030 496 3084 vitaque
509 3041 558 3072 eum
570 3029 655 3085 gemitu
668 3029 726 3083 fugit
737 3029 850 3084 indignata
864 3028 907 3071 sub
919 3028 1020 3083 umbras,

150 3178 221 3227 quem
237 3164 417 3227 grammaticum
436 3166 557 3227 quendam
573 3158 611 3213 rel
626 3183 638 3208 «
654 3165 770 3213 lectorem
789 3165 892 3213 otiosum
907 3183 919 3208 »
937 3178 950 3212 e
966 3163 1020 3222 ΧΙΙ,
1037 3162 1085 3212 952
1103 3163 1152 3213 hue
1168 3169 1277 3216 transtu-

149 3236 208 3284 lisse
224 3249 272 3283 non
287 3249 362 3298 nego;
374 3263 402 3271 -
416 3237 460 3285 sed
477 3240 502 3285 et
515 3237 605 3299 prioris
622 3237 710 3285 tinem:
728 3256 740 3281 a
754 3250 820 3285 arma
828 3235 970 3299 relinquens
984 3253 995 3280 a
1008 3249 1080 3299 quem
1096 3241 1196 3298 egomet
1208 3239 1278 3288 desi·

150 3308 242 3356 derabo
259 3308 279 3355 si
294 3308 455 3370 interpolatus
471 3308 651 3357 demonstratus
661 3308 714 3356 erit.
724 3334 756 3345 -
768 3308 863 3356 Probus
874 3321 902 3356 ac
919 3307 1022 3356 forsitan
1037 3307 1148 3355 Donatus
1160 3307 1277 3372 legebant

149 3377 315 3442 relinquunt,
333 3379 367 3426 ita
380 3382 461 3427 temen
482 3380 634 3442 explicantes
656 3380 722 3428 velut
737 3380 758 3427 si
773 3380 888 3442 passivus
904 3380 975 3428 verbi
995 3392 1083 3427 aeneus
1097 3383 1166 3427 esset
1187 3394 1218 3430 ue
1233 3395 1276 3431 ve·

148 3450 210 3500 leret
224 3450 283 3499 illud
296 3464 371 3513 aeque
390 3463 419 3498 ac
432 3470 443 3495 α
461 3451 604 3500 oeciderunt
619 3465 694 3499 arma.
710 3469 722 3495 a
742 3450 902 3516 Relinquens
916 3449 990 3501 codd.
1004 3451 1152 3513 superstites
1166 3451 1277 3515 (praeter

150 3521 283 3570 Romanum
296 3536 302 3570 ε
318 3519 448 3586 reliquit).
462 3521 552 3570 Neutra
566 3523 641 3585 igitur
650 3522 736 3570 harum
753 3523 900 3572 variantium
912 3522 1047 3590 lectionum
1062 3535 1151 3570 sensus
1165 3536 1277 3573 eommu-

148 3595 213 3643 niter
226 3598 339 3655 receptus
354 3597 459 3642 mutetur
473 3593 519 3656 (ΙΙΙ.
535 3594 652 3642 Fouemna
664 3598 688 3642 et
703 3593 1020 3657 Conamen-Neruesanr.)

179 3665 202 3713 6.
218 3665 292 3722 Aera,
307 3664 349 3722 ΙΙΙ,
366 3664 412 3713 507
428 3679 434 3712 :
449 3665 546 3713 Turnus
561 3667 591 3714 ad
608 3666 676 3726 haee,
693 3666 777 3714 oeulos
793 3666 915 3715 horrenda
931 3666 955 3714 in
971 3666 1067 3729 virgine
1083 3664 1191 3714 ltma-
1206 3666 1273 3718 666:

148 3735 223 3794 Quem
234 3735 282 3784 telo
297 3736 408 3798 primum,
423 3751 494 3798 quem
510 3742 665 3798 postremum,
680 3751 768 3799 aspera
783 3738 861 3800 virgo,
878 3737 987 3799 Dejieis‘l
1001 3764 1030 3773 -
1046 3737 1113 3785 Licet
1125 3737 1276 3790 admiratio-

146 3821 201 3856 nem
215 3821 311 3870 quoque
326 3811 349 3855 et
363 3809 543 3856 venerationem
559 3810 658 3856 verbum
670 3829 681 3853 a
701 3809 866 3858 horrendus»
882 3809 1004 3857 interdum
1023 3808 1155 3871 significet,
1171 3812 1276 3874 saepius

146 3882 224 3926 tamen
240 3878 349 3927 adtectus
364 3893 406 3926 eos
418 3879 519 3938 indicet,
535 3894 595 3942 quos
612 3881 700 3943 gattico
716 3881 791 3931 verbo
806 3900 818 3925 α
835 3881 945 3929 horretur
961 3899 973 3923 »
989 3880 1167 3942 intellegimus.
1238 3938 1241 3945 Ι

176 3949 200 4000 7.
216 3949 243 3998 Ε.
259 3964 293 4012 g„
308 3948 454 4012 Brynhitd.
473 3949 594 4000 Gedrun.
