<?xml version="1.0" encoding="UTF-8"?>
<!DOCTYPE html PUBLIC "-//W3C//DTD XHTML 1.0 Transitional//EN"
    "http://www.w3.org/TR/xhtml1/DTD/xhtml1-transitional.dtd">
<html xmlns="http://www.w3.org/1999/xhtml" xml:lang="en" lang="en">
 <head>
  <title>
</title>
<meta http-equiv="Content-Type" content="text/html;charset=utf-8" />
  <meta name='ocr-system' content='tesseract 3.04.00' />
  <meta name='ocr-capabilities' content='ocr_page ocr_carea ocr_par ocr_line ocrx_word'/>
</head>
<body>
  <div class='ocr_page' id='page_1' title='image "./devergilioininf00rbgoog_0144.png"; bbox 0 0 2844 4928; ppageno 0'>
   <div class='ocr_carea' id='block_1_1' title="bbox 466 661 835 731">
    <p class='ocr_par' dir='ltr' id='par_1_1' title="bbox 466 661 835 731">
     <span class='ocr_line' id='line_1_1' title="bbox 466 661 835 731; baseline 0.005 -2"><span class='ocrx_word' id='word_1_1' title='bbox 466 661 610 730; x_wconf 85' lang='lat' dir='ltr'>CAPUT</span> <span class='ocrx_word' id='word_1_2' title='bbox 637 661 835 731; x_wconf 83' lang='lat' dir='ltr'>TERTIUM</span> 
     </span>
    </p>
   </div>
   <div class='ocr_carea' id='block_1_2' title="bbox 547 885 754 954">
    <p class='ocr_par' dir='ltr' id='par_1_2' title="bbox 547 885 754 954">
     <span class='ocr_line' id='line_1_2' title="bbox 547 885 754 954; baseline 0.005 -2"><span class='ocrx_word' id='word_1_3' title='bbox 547 886 596 952; x_wconf 85' lang='lat' dir='ltr'>Du</span> <span class='ocrx_word' id='word_1_4' title='bbox 616 885 754 954; x_wconf 73' lang='lat' dir='ltr'>Cinium</span> 
     </span>
    </p>
   </div>
   <div class='ocr_carea' id='block_1_3' title="bbox 516 1144 780 1154">
    <p class='ocr_par' dir='ltr' id='par_1_3' title="bbox 516 1144 780 1154">
     <span class='ocr_line' id='line_1_3' title="bbox 516 1144 780 1154; baseline 0.008 -2"><span class='ocrx_word' id='word_1_5' title='bbox 516 1144 780 1154; x_wconf 77' lang='lat'><strong>——-—-</strong></span> 
     </span>
    </p>
   </div>
   <div class='ocr_carea' id='block_1_4' title="bbox 10 1372 1212 2640">
    <p class='ocr_par' dir='ltr' id='par_1_4' title="bbox 68 1372 1212 2213">
     <span class='ocr_line' id='line_1_4' title="bbox 134 1372 1212 1464; baseline 0.002 -23"><span class='ocrx_word' id='word_1_6' title='bbox 134 1373 279 1442; x_wconf 89' lang='lat' dir='ltr'>Camilla</span> <span class='ocrx_word' id='word_1_7' title='bbox 296 1374 350 1440; x_wconf 91' lang='lat' dir='ltr'>bis</span> <span class='ocrx_word' id='word_1_8' title='bbox 367 1375 402 1439; x_wconf 92' lang='lat' dir='ltr'>in</span> <span class='ocrx_word' id='word_1_9' title='bbox 421 1394 579 1440; x_wconf 78' lang='lat' dir='ltr'>scaenam</span> <span class='ocrx_word' id='word_1_10' title='bbox 599 1372 813 1463; x_wconf 74' lang='lat' dir='ltr'>producitur,</span> <span class='ocrx_word' id='word_1_11' title='bbox 832 1413 874 1423; x_wconf 90' lang='lat'><em>-</em></span> <span class='ocrx_word' id='word_1_12' title='bbox 893 1373 974 1464; x_wconf 85' lang='lat' dir='ltr'>(quo</span> <span class='ocrx_word' id='word_1_13' title='bbox 986 1376 1092 1442; x_wconf 90' lang='lat' dir='ltr'>verbo</span> <span class='ocrx_word' id='word_1_14' title='bbox 1110 1375 1212 1443; x_wconf 91' lang='lat' dir='ltr'>liceat</span> 
     </span>
     <span class='ocr_line' id='line_1_5' title="bbox 85 1481 1211 1572; baseline 0.002 -24"><span class='ocrx_word' id='word_1_15' title='bbox 85 1483 153 1564; x_wconf 86' lang='lat' dir='ltr'>uti,</span> <span class='ocrx_word' id='word_1_16' title='bbox 175 1503 255 1549; x_wconf 89' lang='lat' dir='ltr'>cum</span> <span class='ocrx_word' id='word_1_17' title='bbox 268 1483 303 1547; x_wconf 90' lang='lat' dir='ltr'>in</span> <span class='ocrx_word' id='word_1_18' title='bbox 322 1481 383 1548; x_wconf 88' lang='lat' dir='ltr'>illa</span> <span class='ocrx_word' id='word_1_19' title='bbox 401 1482 548 1548; x_wconf 80' lang='lat' dir='ltr'>maxime</span> <span class='ocrx_word' id='word_1_20' title='bbox 568 1481 737 1570; x_wconf 90' lang='lat' dir='ltr'>poematis</span> <span class='ocrx_word' id='word_1_21' title='bbox 752 1486 851 1570; x_wconf 89' lang='lat' dir='ltr'>parte</span> <span class='ocrx_word' id='word_1_22' title='bbox 878 1482 976 1572; x_wconf 88' lang='lat' dir='ltr'>epica</span> <span class='ocrx_word' id='word_1_23' title='bbox 994 1483 1112 1548; x_wconf 87' lang='lat' dir='ltr'>fabula</span> <span class='ocrx_word' id='word_1_24' title='bbox 1132 1505 1211 1551; x_wconf 87' lang='lat' dir='ltr'>oum</span> 
     </span>
     <span class='ocr_line' id='line_1_6' title="bbox 84 1588 1209 1678; baseline 0 -22"><span class='ocrx_word' id='word_1_25' title='bbox 84 1590 221 1656; x_wconf 87' lang='lat' dir='ltr'>fervore</span> <span class='ocrx_word' id='word_1_26' title='bbox 235 1589 386 1678; x_wconf 91' lang='lat' dir='ltr'>quodam</span> <span class='ocrx_word' id='word_1_27' title='bbox 405 1589 536 1675; x_wconf 82' lang='lat' dir='ltr'>tragico</span> <span class='ocrx_word' id='word_1_28' title='bbox 552 1609 718 1677; x_wconf 89' lang='lat' dir='ltr'>praeceps</span> <span class='ocrx_word' id='word_1_29' title='bbox 734 1588 881 1677; x_wconf 81' lang='lat' dir='ltr'>agatur).</span> <span class='ocrx_word' id='word_1_30' title='bbox 894 1629 938 1638; x_wconf 90' lang='lat'>—-</span> <span class='ocrx_word' id='word_1_31' title='bbox 950 1588 1107 1656; x_wconf 81' lang='lat' dir='ltr'>Volscam</span> <span class='ocrx_word' id='word_1_32' title='bbox 1119 1592 1209 1657; x_wconf 91' lang='lat' dir='ltr'>enim</span> 
     </span>
     <span class='ocr_line' id='line_1_7' title="bbox 68 1695 1209 1786; baseline 0.002 -25"><span class='ocrx_word' id='word_1_33' title='bbox 68 1697 237 1786; x_wconf 82' lang='lat' dir='ltr'>primum</span> <span class='ocrx_word' id='word_1_34' title='bbox 263 1697 433 1782; x_wconf 82' lang='lat' dir='ltr'>virginem</span> <span class='ocrx_word' id='word_1_35' title='bbox 454 1695 518 1762; x_wconf 90' lang='lat' dir='ltr'>sub</span> <span class='ocrx_word' id='word_1_36' title='bbox 542 1695 645 1760; x_wconf 91' lang='lat' dir='ltr'>finem</span> <span class='ocrx_word' id='word_1_37' title='bbox 670 1695 808 1784; x_wconf 82' lang='lat' dir='ltr'>septimi</span> <span class='ocrx_word' id='word_1_38' title='bbox 828 1695 925 1761; x_wconf 79' lang='lat' dir='ltr'>libri¹</span> <span class='ocrx_word' id='word_1_39' title='bbox 948 1695 974 1761; x_wconf 88' lang='lat' dir='ltr'>T</span> <span class='ocrx_word' id='word_1_40' title='bbox 979 1719 1065 1761; x_wconf 89' lang='lat' dir='ltr'>nrno</span> <span class='ocrx_word' id='word_1_41' title='bbox 1085 1703 1119 1762; x_wconf 93' lang='lat' dir='ltr'>et</span> <span class='ocrx_word' id='word_1_42' title='bbox 1143 1696 1209 1763; x_wconf 90' lang='lat' dir='ltr'>La-</span> 
     </span>
     <span class='ocr_line' id='line_1_8' title="bbox 83 1801 1209 1891; baseline -0.001 -22"><span class='ocrx_word' id='word_1_43' title='bbox 83 1803 165 1869; x_wconf 88' lang='lat' dir='ltr'>tinis</span> <span class='ocrx_word' id='word_1_44' title='bbox 183 1804 220 1869; x_wconf 89' lang='lat' dir='ltr'>in</span> <span class='ocrx_word' id='word_1_45' title='bbox 240 1802 403 1869; x_wconf 91' lang='lat' dir='ltr'>auxilium</span> <span class='ocrx_word' id='word_1_46' title='bbox 420 1803 614 1868; x_wconf 89' lang='lat' dir='ltr'>venientem</span> <span class='ocrx_word' id='word_1_47' title='bbox 626 1802 884 1891; x_wconf 90' lang='lat' dir='ltr'>spectamus;in</span> <span class='ocrx_word' id='word_1_48' title='bbox 897 1801 1081 1868; x_wconf 89' lang='lat' dir='ltr'>undecimo</span> <span class='ocrx_word' id='word_1_49' title='bbox 1093 1809 1209 1868; x_wconf 89' lang='lat' dir='ltr'>autem</span> 
     </span>
     <span class='ocr_line' id='line_1_9' title="bbox 83 1906 1210 1999; baseline 0.001 -25"><span class='ocrx_word' id='word_1_50' title='bbox 83 1909 176 1976; x_wconf 90' lang='lat' dir='ltr'>libro</span> <span class='ocrx_word' id='word_1_51' title='bbox 186 1909 209 1992; x_wconf 76' lang='lat'>²,</span> <span class='ocrx_word' id='word_1_52' title='bbox 222 1932 291 1975; x_wconf 91' lang='lat' dir='ltr'>uon</span> <span class='ocrx_word' id='word_1_53' title='bbox 312 1910 424 1976; x_wconf 88' lang='lat' dir='ltr'>solum</span> <span class='ocrx_word' id='word_1_54' title='bbox 445 1909 585 1996; x_wconf 82' lang='lat' dir='ltr'>egregia</span> <span class='ocrx_word' id='word_1_55' title='bbox 603 1908 798 1974; x_wconf 82' lang='lat' dir='ltr'>dimicantis</span> <span class='ocrx_word' id='word_1_56' title='bbox 819 1906 982 1974; x_wconf 81' lang='lat' dir='ltr'>Camillae</span> <span class='ocrx_word' id='word_1_57' title='bbox 1002 1910 1092 1975; x_wconf 85' lang='lat' dir='ltr'>facta</span> <span class='ocrx_word' id='word_1_58' title='bbox 1110 1932 1210 1999; x_wconf 88' lang='lat' dir='ltr'>prae-</span> 
     </span>
     <span class='ocr_line' id='line_1_10' title="bbox 84 2014 1211 2105; baseline 0.001 -24"><span class='ocrx_word' id='word_1_59' title='bbox 84 2020 329 2105; x_wconf 89' lang='lat' dir='ltr'>maturumque</span> <span class='ocrx_word' id='word_1_60' title='bbox 359 2016 598 2103; x_wconf 77' lang='lat' dir='ltr'>cognoscimus</span> <span class='ocrx_word' id='word_1_61' title='bbox 627 2016 766 2099; x_wconf 83' lang='lat' dir='ltr'>exitum,</span> <span class='ocrx_word' id='word_1_62' title='bbox 797 2014 858 2082; x_wconf 91' lang='lat' dir='ltr'>sed</span> <span class='ocrx_word' id='word_1_63' title='bbox 887 2020 922 2082; x_wconf 88' lang='lat' dir='ltr'>et</span> <span class='ocrx_word' id='word_1_64' title='bbox 952 2015 1042 2082; x_wconf 91' lang='lat' dir='ltr'>unde</span> <span class='ocrx_word' id='word_1_65' title='bbox 1072 2023 1146 2083; x_wconf 87' lang='lat' dir='ltr'>orta</span> <span class='ocrx_word' id='word_1_66' title='bbox 1176 2022 1211 2082; x_wconf 94' lang='lat' dir='ltr'>et</span> 
     </span>
     <span class='ocr_line' id='line_1_11' title="bbox 84 2123 685 2213; baseline 0 -24"><span class='ocrx_word' id='word_1_67' title='bbox 84 2146 155 2213; x_wconf 94' lang='lat' dir='ltr'>quo</span> <span class='ocrx_word' id='word_1_68' title='bbox 174 2124 278 2191; x_wconf 92' lang='lat' dir='ltr'>modo</span> <span class='ocrx_word' id='word_1_69' title='bbox 299 2123 445 2191; x_wconf 88' lang='lat' dir='ltr'>educata</span> <span class='ocrx_word' id='word_1_70' title='bbox 464 2123 685 2190; x_wconf 85' lang='lat' dir='ltr'>adoleverit³.</span> 
     </span>
    </p>

    <p class='ocr_par' dir='ltr' id='par_1_5' title="bbox 10 2229 1210 2640">
     <span class='ocr_line' id='line_1_12' title="bbox 128 2229 1209 2321; baseline 0 -24"><span class='ocrx_word' id='word_1_71' title='bbox 128 2230 249 2320; x_wconf 84' lang='lat' dir='ltr'>Neque</span> <span class='ocrx_word' id='word_1_72' title='bbox 277 2231 418 2297; x_wconf 81' lang='lat' dir='ltr'>deluere</span> <span class='ocrx_word' id='word_1_73' title='bbox 447 2232 507 2321; x_wconf 91' lang='lat' dir='ltr'>qui</span> <span class='ocrx_word' id='word_1_74' title='bbox 540 2229 773 2296; x_wconf 57' lang='lat' dir='ltr'>mirarentur*</span> <span class='ocrx_word' id='word_1_75' title='bbox 808 2253 869 2296; x_wconf 91' lang='lat' dir='ltr'>cur</span> <span class='ocrx_word' id='word_1_76' title='bbox 895 2231 956 2296; x_wconf 94' lang='lat' dir='ltr'>illa</span> <span class='ocrx_word' id='word_1_77' title='bbox 991 2230 1129 2318; x_wconf 79' lang='lat' dir='ltr'>longior</span> <span class='ocrx_word' id='word_1_78' title='bbox 1166 2231 1209 2298; x_wconf 91' lang='lat' dir='ltr'>de</span> 
     </span>
     <span class='ocr_line' id='line_1_13' title="bbox 83 2334 1210 2422; baseline 0 -17"><span class='ocrx_word' id='word_1_79' title='bbox 83 2339 241 2405; x_wconf 80' lang='lat' dir='ltr'>anteacta</span> <span class='ocrx_word' id='word_1_80' title='bbox 274 2337 438 2405; x_wconf 86' lang='lat' dir='ltr'>Camillae</span> <span class='ocrx_word' id='word_1_81' title='bbox 461 2339 530 2404; x_wconf 90' lang='lat' dir='ltr'>vita</span> <span class='ocrx_word' id='word_1_82' title='bbox 560 2337 712 2403; x_wconf 80' lang='lat' dir='ltr'>namatio</span> <span class='ocrx_word' id='word_1_83' title='bbox 734 2360 755 2402; x_wconf 89' lang='lat' dir='ltr'>a</span> <span class='ocrx_word' id='word_1_84' title='bbox 780 2334 936 2422; x_wconf 81' lang='lat' dir='ltr'>Vergilio</span> <span class='ocrx_word' id='word_1_85' title='bbox 965 2337 1014 2402; x_wconf 91' lang='lat' dir='ltr'>ibi</span> <span class='ocrx_word' id='word_1_86' title='bbox 1043 2338 1210 2405; x_wconf 89' lang='lat' dir='ltr'>collocata</span> 
     </span>
     <span class='ocr_line' id='line_1_14' title="bbox 81 2444 1206 2535; baseline 0 -24"><span class='ocrx_word' id='word_1_87' title='bbox 81 2445 206 2514; x_wconf 87' lang='lat' dir='ltr'>fuerit:</span> <span class='ocrx_word' id='word_1_88' title='bbox 238 2446 548 2535; x_wconf 87' lang='lat' dir='ltr'>«inopportunum</span> <span class='ocrx_word' id='word_1_89' title='bbox 579 2444 709 2510; x_wconf 90' lang='lat' dir='ltr'>scilicet</span> <span class='ocrx_word' id='word_1_90' title='bbox 731 2464 947 2531; x_wconf 81' lang='lat' dir='ltr'>regressum,</span> <span class='ocrx_word' id='word_1_91' title='bbox 970 2467 1039 2534; x_wconf 94' lang='lat' dir='ltr'>quo</span> <span class='ocrx_word' id='word_1_92' title='bbox 1068 2445 1206 2511; x_wconf 86' lang='lat' dir='ltr'>fabulae</span> 
     </span>
     <span class='ocr_line' id='line_1_15' title="bbox 10 2551 710 2640; baseline -0.009 -23"><span class='ocrx_word' id='word_1_93' title='bbox 10 2559 13 2566; x_wconf 91' lang='lat'>&#39;</span> <span class='ocrx_word' id='word_1_94' title='bbox 82 2553 302 2640; x_wconf 89' lang='lat' dir='ltr'>properantis</span> <span class='ocrx_word' id='word_1_95' title='bbox 322 2573 443 2618; x_wconf 88' lang='lat' dir='ltr'>cursus</span> <span class='ocrx_word' id='word_1_96' title='bbox 464 2551 669 2617; x_wconf 84' lang='lat' dir='ltr'>retardetur.</span> <span class='ocrx_word' id='word_1_97' title='bbox 695 2578 710 2612; x_wconf 90' lang='lat'>»</span> 
     </span>
    </p>
   </div>
   <div class='ocr_carea' id='block_1_5' title="bbox 128 2655 1306 2746">
    <p class='ocr_par' dir='ltr' id='par_1_6' title="bbox 128 2655 1306 2746">
     <span class='ocr_line' id='line_1_16' title="bbox 128 2655 1306 2746; baseline 0.001 -22"><span class='ocrx_word' id='word_1_98' title='bbox 128 2658 288 2724; x_wconf 88' lang='lat' dir='ltr'>Ceterum</span> <span class='ocrx_word' id='word_1_99' title='bbox 315 2663 478 2724; x_wconf 88' lang='lat' dir='ltr'>notavere</span> <span class='ocrx_word' id='word_1_100' title='bbox 506 2658 614 2723; x_wconf 89' lang='lat' dir='ltr'>critici</span> <span class='ocrx_word' id='word_1_101' title='bbox 639 2655 813 2746; x_wconf 77' lang='lat' dir='ltr'>quidam⁵,</span> <span class='ocrx_word' id='word_1_102' title='bbox 844 2661 973 2723; x_wconf 85' lang='lat' dir='ltr'>textum</span> <span class='ocrx_word' id='word_1_103' title='bbox 992 2657 1027 2722; x_wconf 90' lang='lat' dir='ltr'>in</span> <span class='ocrx_word' id='word_1_104' title='bbox 1046 2656 1112 2724; x_wconf 93' lang='lat' dir='ltr'>hoc</span> <span class='ocrx_word' id='word_1_105' title='bbox 1131 2659 1207 2725; x_wconf 91' lang='lat' dir='ltr'>loco</span> <span class='ocrx_word' id='word_1_106' title='bbox 1304 2734 1306 2740; x_wconf 27' lang='lat'><strong>¹</strong></span> 
     </span>
    </p>
   </div>
   <div class='ocr_carea' id='block_1_6' title="bbox 29 2762 1214 3282">
    <p class='ocr_par' dir='ltr' id='par_1_7' title="bbox 81 2762 1206 3175">
     <span class='ocr_line' id='line_1_17' title="bbox 82 2762 1203 2856; baseline 0.002 -26"><span class='ocrx_word' id='word_1_107' title='bbox 82 2765 226 2855; x_wconf 90' lang='lat' dir='ltr'>propius</span> <span class='ocrx_word' id='word_1_108' title='bbox 245 2765 542 2856; x_wconf 80' lang='lat' dir='ltr'>introspicienteS‚</span> <span class='ocrx_word' id='word_1_109' title='bbox 567 2764 694 2830; x_wconf 86' lang='lat' dir='ltr'>indicia</span> <span class='ocrx_word' id='word_1_110' title='bbox 715 2764 832 2852; x_wconf 89' lang='lat' dir='ltr'>aliqua</span> <span class='ocrx_word' id='word_1_111' title='bbox 850 2786 952 2854; x_wconf 91' lang='lat' dir='ltr'>posse</span> <span class='ocrx_word' id='word_1_112' title='bbox 973 2762 1203 2854; x_wconf 84' lang='lat' dir='ltr'>deprehendi.</span> 
     </span>
     <span class='ocr_line' id='line_1_18' title="bbox 84 2872 1206 2963; baseline 0.002 -26"><span class='ocrx_word' id='word_1_113' title='bbox 84 2895 124 2937; x_wconf 88' lang='lat' dir='ltr'>ex</span> <span class='ocrx_word' id='word_1_114' title='bbox 144 2873 270 2962; x_wconf 90' lang='lat' dir='ltr'>quibus</span> <span class='ocrx_word' id='word_1_115' title='bbox 288 2872 367 2958; x_wconf 86' lang='lat' dir='ltr'>jure</span> <span class='ocrx_word' id='word_1_116' title='bbox 387 2873 464 2963; x_wconf 90' lang='lat' dir='ltr'>quis</span> <span class='ocrx_word' id='word_1_117' title='bbox 485 2873 679 2962; x_wconf 89' lang='lat' dir='ltr'>suspicetur</span> <span class='ocrx_word' id='word_1_118' title='bbox 697 2873 850 2960; x_wconf 88' lang='lat' dir='ltr'>priorem</span> <span class='ocrx_word' id='word_1_119' title='bbox 870 2892 1031 2937; x_wconf 91' lang='lat' dir='ltr'>versuum</span> <span class='ocrx_word' id='word_1_120' title='bbox 1051 2876 1206 2939; x_wconf 91' lang='lat' dir='ltr'>tenorem</span> 
     </span>
     <span class='ocr_line' id='line_1_19' title="bbox 82 2978 1206 3069; baseline 0.002 -25"><span class='ocrx_word' id='word_1_121' title='bbox 82 2980 182 3068; x_wconf 88' lang='lat' dir='ltr'>quasi</span> <span class='ocrx_word' id='word_1_122' title='bbox 210 2979 355 3048; x_wconf 89' lang='lat' dir='ltr'>scissum</span> <span class='ocrx_word' id='word_1_123' title='bbox 381 2979 644 3068; x_wconf 88' lang='lat' dir='ltr'>voluntarieque</span> <span class='ocrx_word' id='word_1_124' title='bbox 667 2982 808 3067; x_wconf 89' lang='lat' dir='ltr'>ruptum</span> <span class='ocrx_word' id='word_1_125' title='bbox 831 2978 954 3061; x_wconf 87' lang='lat' dir='ltr'>fuisse,</span> <span class='ocrx_word' id='word_1_126' title='bbox 981 2979 1144 3069; x_wconf 89' lang='lat' dir='ltr'>nimirum</span> <span class='ocrx_word' id='word_1_127' title='bbox 1167 2986 1206 3046; x_wconf 92' lang='lat' dir='ltr'>ut</span> 
     </span>
     <span class='ocr_line' id='line_1_20' title="bbox 81 3083 874 3175; baseline -0.001 -25"><span class='ocrx_word' id='word_1_128' title='bbox 81 3085 246 3152; x_wconf 88' lang='lat' dir='ltr'>additicia</span> <span class='ocrx_word' id='word_1_129' title='bbox 263 3087 416 3152; x_wconf 88' lang='lat' dir='ltr'>narratio</span> <span class='ocrx_word' id='word_1_130' title='bbox 434 3086 607 3175; x_wconf 85' lang='lat' dir='ltr'>posterius</span> <span class='ocrx_word' id='word_1_131' title='bbox 627 3083 874 3150; x_wconf 88' lang='lat' dir='ltr'>includeretur.</span> 
     </span>
    </p>

    <p class='ocr_par' dir='ltr' id='par_1_8' title="bbox 29 3189 1214 3282">
     <span class='ocr_line' id='line_1_21' title="bbox 29 3189 1214 3282; baseline 0.003 -28"><span class='ocrx_word' id='word_1_132' title='bbox 29 3249 32 3254; x_wconf 91' lang='grc'><em>,</em></span> <span class='ocrx_word' id='word_1_133' title='bbox 125 3191 256 3258; x_wconf 91' lang='lat' dir='ltr'>Verum</span> <span class='ocrx_word' id='word_1_134' title='bbox 282 3191 348 3258; x_wconf 90' lang='lat' dir='ltr'>hoo</span> <span class='ocrx_word' id='word_1_135' title='bbox 366 3193 481 3282; x_wconf 90' lang='lat' dir='ltr'>ipsum</span> <span class='ocrx_word' id='word_1_136' title='bbox 500 3192 642 3258; x_wconf 88' lang='lat' dir='ltr'>forsitan</span> <span class='ocrx_word' id='word_1_137' title='bbox 661 3189 825 3280; x_wconf 90' lang='lat' dir='ltr'>prohibet</span> <span class='ocrx_word' id='word_1_138' title='bbox 842 3198 886 3257; x_wconf 89' lang='lat' dir='ltr'>ne</span> <span class='ocrx_word' id='word_1_139' title='bbox 905 3191 1143 3281; x_wconf 88' lang='lat' dir='ltr'>imperfectam</span> <span class='ocrx_word' id='word_1_140' title='bbox 1160 3232 1214 3277; x_wconf 41' lang='lat'>··.</span> 
     </span>
    </p>
   </div>
   <div class='ocr_carea' id='block_1_7' title="bbox 74 3395 1200 4451">
    <p class='ocr_par' dir='ltr' id='par_1_9' title="bbox 114 3395 428 3459">
     <span class='ocr_line' id='line_1_22' title="bbox 114 3395 428 3459; baseline 0 -15"><span class='ocrx_word' id='word_1_141' title='bbox 114 3396 136 3445; x_wconf 91' lang='lat'>1.</span> <span class='ocrx_word' id='word_1_142' title='bbox 155 3397 231 3456; x_wconf 67' lang='lat' dir='ltr'>Aen„</span> <span class='ocrx_word' id='word_1_143' title='bbox 246 3395 298 3455; x_wconf 84' lang='lat' dir='ltr'>Vll,</span> <span class='ocrx_word' id='word_1_144' title='bbox 313 3395 360 3445; x_wconf 85' lang='lat'>803</span> <span class='ocrx_word' id='word_1_145' title='bbox 375 3411 428 3459; x_wconf 88' lang='lat' dir='ltr'>sqq.</span> 
     </span>
    </p>

    <p class='ocr_par' dir='ltr' id='par_1_10' title="bbox 110 3466 767 3528">
     <span class='ocr_line' id='line_1_23' title="bbox 110 3466 767 3528; baseline 0.002 -12"><span class='ocrx_word' id='word_1_146' title='bbox 110 3469 133 3516; x_wconf 79' lang='lat'>2.</span> <span class='ocrx_word' id='word_1_147' title='bbox 152 3469 226 3525; x_wconf 77' lang='lat' dir='ltr'>Aera,</span> <span class='ocrx_word' id='word_1_148' title='bbox 243 3467 284 3527; x_wconf 87' lang='lat' dir='ltr'>XI,</span> <span class='ocrx_word' id='word_1_149' title='bbox 301 3467 423 3527; x_wconf 59' lang='lat' dir='ltr'>lea-sim</span> <span class='ocrx_word' id='word_1_150' title='bbox 440 3466 564 3528; x_wconf 72' lang='lat'>532-5973</span> <span class='ocrx_word' id='word_1_151' title='bbox 577 3467 636 3528; x_wconf 58' lang='lat' dir='ltr'>sou</span> <span class='ocrx_word' id='word_1_152' title='bbox 651 3467 767 3517; x_wconf 73' lang='lat' dir='ltr'>ola-868.</span> 
     </span>
    </p>

    <p class='ocr_par' dir='ltr' id='par_1_11' title="bbox 96 3537 411 3597">
     <span class='ocr_line' id='line_1_24' title="bbox 96 3537 411 3597; baseline 0 -11"><span class='ocrx_word' id='word_1_153' title='bbox 96 3537 132 3587; x_wconf 87' lang='lat'>·3.</span> <span class='ocrx_word' id='word_1_154' title='bbox 151 3540 224 3596; x_wconf 63' lang='lat' dir='ltr'>Aen„</span> <span class='ocrx_word' id='word_1_155' title='bbox 240 3537 282 3597; x_wconf 87' lang='lat' dir='ltr'>Xl,</span> <span class='ocrx_word' id='word_1_156' title='bbox 299 3537 411 3586; x_wconf 71' lang='lat'>539-584.</span> 
     </span>
    </p>

    <p class='ocr_par' dir='ltr' id='par_1_12' title="bbox 76 3609 1200 4028">
     <span class='ocr_line' id='line_1_25' title="bbox 95 3609 1200 3672; baseline 0.001 -14"><span class='ocrx_word' id='word_1_157' title='bbox 95 3610 132 3661; x_wconf 80' lang='grc'>’4.</span> <span class='ocrx_word' id='word_1_158' title='bbox 152 3610 187 3658; x_wconf 88' lang='lat' dir='ltr'>Cl.</span> <span class='ocrx_word' id='word_1_159' title='bbox 213 3609 343 3658; x_wconf 88' lang='lat' dir='ltr'>multorum</span> <span class='ocrx_word' id='word_1_160' title='bbox 367 3609 468 3671; x_wconf 78' lang='lat' dir='ltr'>Vergilii</span> <span class='ocrx_word' id='word_1_161' title='bbox 489 3611 648 3672; x_wconf 87' lang='lat' dir='ltr'>interpretum</span> <span class='ocrx_word' id='word_1_162' title='bbox 670 3637 701 3646; x_wconf 94' lang='lat'>-</span> <span class='ocrx_word' id='word_1_163' title='bbox 716 3610 805 3668; x_wconf 80' lang='lat' dir='ltr'>Harsa,</span> <span class='ocrx_word' id='word_1_164' title='bbox 828 3610 981 3669; x_wconf 69' lang='lat' dir='ltr'>Praeterire,</span> <span class='ocrx_word' id='word_1_165' title='bbox 1000 3609 1112 3668; x_wconf 76' lang='lat' dir='ltr'>Brasaca,</span> <span class='ocrx_word' id='word_1_166' title='bbox 1135 3610 1200 3659; x_wconf 86' lang='lat' dir='ltr'>Fon-</span> 
     </span>
     <span class='ocr_line' id='line_1_26' title="bbox 77 3679 1200 3743; baseline 0 -13"><span class='ocrx_word' id='word_1_167' title='bbox 77 3685 156 3740; x_wconf 73' lang='lat' dir='ltr'>sr&#39;uaa,</span> <span class='ocrx_word' id='word_1_168' title='bbox 172 3680 276 3739; x_wconf 71' lang='lat' dir='ltr'>lineam,</span> <span class='ocrx_word' id='word_1_169' title='bbox 294 3679 399 3740; x_wconf 73' lang='lat' dir='ltr'>Onam,</span> <span class='ocrx_word' id='word_1_170' title='bbox 415 3681 541 3728; x_wconf 87' lang='lat' dir='ltr'>-varias</span> <span class='ocrx_word' id='word_1_171' title='bbox 563 3682 661 3743; x_wconf 80' lang='lat' dir='ltr'>qnidam</span> <span class='ocrx_word' id='word_1_172' title='bbox 688 3682 829 3743; x_wconf 54' lang='lat' dir='ltr'>opinionem</span> <span class='ocrx_word' id='word_1_173' title='bbox 855 3681 1058 3729; x_wconf 85' lang='lat' dir='ltr'>consentientium</span> <span class='ocrx_word' id='word_1_174' title='bbox 1082 3684 1200 3730; x_wconf 86' lang='lat' dir='ltr'>tamenin</span> 
     </span>
     <span class='ocr_line' id='line_1_27' title="bbox 76 3751 1200 3817; baseline 0.002 -17"><span class='ocrx_word' id='word_1_175' title='bbox 76 3752 205 3816; x_wconf 91' lang='lat' dir='ltr'>hujusloci</span> <span class='ocrx_word' id='word_1_176' title='bbox 213 3751 498 3814; x_wconf 81' lang='lat' dir='ltr'>vituperationeQuibus</span> <span class='ocrx_word' id='word_1_177' title='bbox 508 3753 646 3800; x_wconf 87' lang='lat' dir='ltr'>adsentitur</span> <span class='ocrx_word' id='word_1_178' title='bbox 655 3753 680 3803; x_wconf 88' lang='lat' dir='ltr'>E.</span> <span class='ocrx_word' id='word_1_179' title='bbox 691 3754 793 3801; x_wconf 80' lang='lat' dir='ltr'>Besorsr</span> <span class='ocrx_word' id='word_1_180' title='bbox 802 3754 834 3816; x_wconf 81' lang='lat' dir='ltr'>(in</span> <span class='ocrx_word' id='word_1_181' title='bbox 844 3753 917 3811; x_wconf 72' lang='lat' dir='ltr'>Aera,</span> <span class='ocrx_word' id='word_1_182' title='bbox 926 3752 968 3811; x_wconf 84' lang='lat' dir='ltr'>Xl,</span> <span class='ocrx_word' id='word_1_183' title='bbox 976 3753 1030 3810; x_wconf 80' lang='lat'>535,</span> <span class='ocrx_word' id='word_1_184' title='bbox 1040 3751 1095 3813; x_wconf 85' lang='lat'><strong>836,</strong></span> <span class='ocrx_word' id='word_1_185' title='bbox 1103 3753 1200 3817; x_wconf 77' lang='lat'>842).-</span> 
     </span>
     <span class='ocr_line' id='line_1_28' title="bbox 78 3823 1199 3888; baseline 0.003 -16"><span class='ocrx_word' id='word_1_186' title='bbox 78 3823 184 3872; x_wconf 78' lang='lat' dir='ltr'>llreueeu</span> <span class='ocrx_word' id='word_1_187' title='bbox 207 3824 413 3888; x_wconf 74' lang='lat' dir='ltr'>(Proleqomenc,</span> <span class='ocrx_word' id='word_1_188' title='bbox 428 3837 451 3885; x_wconf 90' lang='lat' dir='ltr'>p.</span> <span class='ocrx_word' id='word_1_189' title='bbox 469 3823 523 3886; x_wconf 82' lang='lat'>85):</span> <span class='ocrx_word' id='word_1_190' title='bbox 540 3843 552 3867; x_wconf 81' lang='lat' dir='ltr'>n</span> <span class='ocrx_word' id='word_1_191' title='bbox 569 3823 671 3872; x_wconf 85' lang='lat' dir='ltr'>ltloustri</span> <span class='ocrx_word' id='word_1_192' title='bbox 691 3825 783 3883; x_wconf 87' lang='lat' dir='ltr'>instar,</span> <span class='ocrx_word' id='word_1_193' title='bbox 805 3823 872 3886; x_wconf 89' lang='lat' dir='ltr'>quod</span> <span class='ocrx_word' id='word_1_194' title='bbox 893 3837 965 3885; x_wconf 82' lang='lat' dir='ltr'>aegre</span> <span class='ocrx_word' id='word_1_195' title='bbox 987 3824 1045 3871; x_wconf 85' lang='lat' dir='ltr'>mihi</span> <span class='ocrx_word' id='word_1_196' title='bbox 1061 3826 1199 3886; x_wconf 87' lang='lat' dir='ltr'>persuadeo</span> 
     </span>
     <span class='ocr_line' id='line_1_29' title="bbox 76 3894 1200 3958; baseline 0.001 -14"><span class='ocrx_word' id='word_1_197' title='bbox 76 3895 156 3958; x_wconf 86' lang='lat' dir='ltr'>ipsum</span> <span class='ocrx_word' id='word_1_198' title='bbox 171 3895 324 3958; x_wconf 83' lang='lat' dir='ltr'>probavisse,</span> <span class='ocrx_word' id='word_1_199' title='bbox 342 3894 484 3955; x_wconf 81' lang='lat' dir='ltr'>longissima</span> <span class='ocrx_word' id='word_1_200' title='bbox 507 3908 549 3956; x_wconf 90' lang='lat' dir='ltr'>per</span> <span class='ocrx_word' id='word_1_201' title='bbox 565 3895 731 3956; x_wconf 87' lang='lat' dir='ltr'>parenthesim</span> <span class='ocrx_word' id='word_1_202' title='bbox 752 3895 814 3942; x_wconf 89' lang='lat' dir='ltr'>inter</span> <span class='ocrx_word' id='word_1_203' title='bbox 834 3895 926 3942; x_wconf 86' lang='lat' dir='ltr'>Dianae</span> <span class='ocrx_word' id='word_1_204' title='bbox 950 3894 1083 3942; x_wconf 84' lang='lat' dir='ltr'>orationem</span> <span class='ocrx_word' id='word_1_205' title='bbox 1110 3896 1200 3958; x_wconf 85' lang='lat' dir='ltr'>injecta</span> 
     </span>
     <span class='ocr_line' id='line_1_30' title="bbox 76 3964 1197 4028; baseline 0.003 -14"><span class='ocrx_word' id='word_1_206' title='bbox 76 3971 162 4028; x_wconf 85' lang='lat' dir='ltr'>poetae</span> <span class='ocrx_word' id='word_1_207' title='bbox 177 3966 207 4014; x_wconf 90' lang='lat' dir='ltr'>de</span> <span class='ocrx_word' id='word_1_208' title='bbox 222 3965 337 4014; x_wconf 84' lang='lat' dir='ltr'>Camillae</span> <span class='ocrx_word' id='word_1_209' title='bbox 352 3965 454 4012; x_wconf 82' lang='lat' dir='ltr'>infantia</span> <span class='ocrx_word' id='word_1_210' title='bbox 468 3967 584 4013; x_wconf 87' lang='lat' dir='ltr'>narratio.</span> <span class='ocrx_word' id='word_1_211' title='bbox 604 3964 686 4013; x_wconf 78' lang='lat' dir='ltr'>n-Ct</span> <span class='ocrx_word' id='word_1_212' title='bbox 701 3966 874 4027; x_wconf 79' lang='lat' dir='ltr'>l&#39;aoeunapud</span> <span class='ocrx_word' id='word_1_213' title='bbox 888 3965 1000 4023; x_wconf 76' lang='lat' dir='ltr'>ltresucri,</span> <span class='ocrx_word' id='word_1_214' title='bbox 1017 3964 1092 4024; x_wconf 72' lang='lat' dir='ltr'>itia,</span> <span class='ocrx_word' id='word_1_215' title='bbox 1104 3980 1128 4028; x_wconf 85' lang='lat' dir='ltr'>p.</span> <span class='ocrx_word' id='word_1_216' title='bbox 1144 3966 1197 4017; x_wconf 72' lang='lat'>143.</span> 
     </span>
    </p>

    <p class='ocr_par' dir='ltr' id='par_1_13' title="bbox 74 4035 1198 4385">
     <span class='ocr_line' id='line_1_31' title="bbox 106 4035 1198 4099; baseline 0.001 -13"><span class='ocrx_word' id='word_1_217' title='bbox 106 4038 130 4086; x_wconf 84' lang='lat'>5.</span> <span class='ocrx_word' id='word_1_218' title='bbox 149 4036 205 4086; x_wconf 91' lang='lat' dir='ltr'>Vid.</span> <span class='ocrx_word' id='word_1_219' title='bbox 222 4038 379 4086; x_wconf 81' lang='lat' dir='ltr'>Hcrnurcmvu</span> <span class='ocrx_word' id='word_1_220' title='bbox 394 4036 469 4098; x_wconf 85' lang='lat' dir='ltr'>(apud</span> <span class='ocrx_word' id='word_1_221' title='bbox 491 4037 624 4095; x_wconf 80' lang='lat' dir='ltr'>Fausiana,</span> <span class='ocrx_word' id='word_1_222' title='bbox 638 4037 663 4085; x_wconf 92' lang='lat' dir='ltr'>in</span> <span class='ocrx_word' id='word_1_223' title='bbox 681 4038 755 4095; x_wconf 60' lang='lat' dir='ltr'>Aac„</span> <span class='ocrx_word' id='word_1_224' title='bbox 772 4036 818 4098; x_wconf 84' lang='lat' dir='ltr'>Xl,</span> <span class='ocrx_word' id='word_1_225' title='bbox 834 4035 888 4098; x_wconf 83' lang='lat'><strong>539)</strong></span> <span class='ocrx_word' id='word_1_226' title='bbox 900 4042 925 4084; x_wconf 87' lang='lat' dir='ltr'>et</span> <span class='ocrx_word' id='word_1_227' title='bbox 944 4037 1088 4084; x_wconf 75' lang='lat' dir='ltr'>Peunuuiur</span> <span class='ocrx_word' id='word_1_228' title='bbox 1106 4037 1198 4099; x_wconf 85' lang='lat' dir='ltr'>quibus</span> 
     </span>
     <span class='ocr_line' id='line_1_32' title="bbox 75 4105 1198 4171; baseline -0.001 -13"><span class='ocrx_word' id='word_1_229' title='bbox 75 4110 178 4158; x_wconf 70' lang='lat' dir='ltr'>timescit</span> <span class='ocrx_word' id='word_1_230' title='bbox 193 4109 256 4171; x_wconf 89' lang='lat' dir='ltr'>(loco</span> <span class='ocrx_word' id='word_1_231' title='bbox 272 4109 324 4170; x_wconf 90' lang='lat' dir='ltr'>eit.)</span> <span class='ocrx_word' id='word_1_232' title='bbox 339 4108 485 4156; x_wconf 87' lang='lat' dir='ltr'>adsentitur.</span> <span class='ocrx_word' id='word_1_233' title='bbox 508 4127 520 4151; x_wconf 85' lang='lat' dir='ltr'>n</span> <span class='ocrx_word' id='word_1_234' title='bbox 537 4106 596 4154; x_wconf 90' lang='lat' dir='ltr'>Cum</span> <span class='ocrx_word' id='word_1_235' title='bbox 612 4108 687 4157; x_wconf 85' lang='lat' dir='ltr'>verba</span> <span class='ocrx_word' id='word_1_236' title='bbox 703 4109 773 4157; x_wconf 84' lang='lat' dir='ltr'>Cora</span> <span class='ocrx_word' id='word_1_237' title='bbox 788 4106 853 4156; x_wconf 79' lang='lat' dir='ltr'>milti</span> <span class='ocrx_word' id='word_1_238' title='bbox 874 4110 936 4155; x_wconf 74' lang='lat' dir='ltr'>arcte</span> <span class='ocrx_word' id='word_1_239' title='bbox 956 4105 1034 4166; x_wconf 68' lang='lat' dir='ltr'>atras,</span> <span class='ocrx_word' id='word_1_240' title='bbox 1055 4123 1079 4158; x_wconf 90' lang='lat' dir='ltr'>v.</span> <span class='ocrx_word' id='word_1_241' title='bbox 1102 4107 1157 4168; x_wconf 74' lang='lat'>537,</span> <span class='ocrx_word' id='word_1_242' title='bbox 1174 4113 1198 4157; x_wconf 89' lang='lat' dir='ltr'>et</span> 
     </span>
     <span class='ocr_line' id='line_1_33' title="bbox 80 4177 1197 4242; baseline -0.001 -13"><span class='ocrx_word' id='word_1_243' title='bbox 80 4180 175 4230; x_wconf 86' lang='lat' dir='ltr'>Vellem</span> <span class='ocrx_word' id='word_1_244' title='bbox 193 4179 269 4229; x_wconf 76' lang='lat' dir='ltr'>haud</span> <span class='ocrx_word' id='word_1_245' title='bbox 288 4181 410 4242; x_wconf 82' lang='lat' dir='ltr'>correpta</span> <span class='ocrx_word' id='word_1_246' title='bbox 426 4177 530 4240; x_wconf 76' lang='lat' dir='ltr'>fecisset,</span> <span class='ocrx_word' id='word_1_247' title='bbox 546 4193 570 4226; x_wconf 94' lang='lat' dir='ltr'>v.</span> <span class='ocrx_word' id='word_1_248' title='bbox 591 4178 646 4239; x_wconf 73' lang='lat'><strong>584,</strong></span> <span class='ocrx_word' id='word_1_249' title='bbox 669 4181 731 4228; x_wconf 85' lang='lat' dir='ltr'>bene</span> <span class='ocrx_word' id='word_1_250' title='bbox 749 4181 773 4227; x_wconf 91' lang='lat' dir='ltr'>in</span> <span class='ocrx_word' id='word_1_251' title='bbox 794 4193 866 4228; x_wconf 91' lang='lat' dir='ltr'>unum</span> <span class='ocrx_word' id='word_1_252' title='bbox 886 4193 984 4227; x_wconf 86' lang='lat' dir='ltr'>versum</span> <span class='ocrx_word' id='word_1_253' title='bbox 1003 4184 1104 4238; x_wconf 85' lang='lat' dir='ltr'>coeant,</span> <span class='ocrx_word' id='word_1_254' title='bbox 1121 4184 1197 4228; x_wconf 83' lang='lat' dir='ltr'>totam</span> 
     </span>
     <span class='ocr_line' id='line_1_34' title="bbox 74 4249 1197 4312; baseline 0.001 -12"><span class='ocrx_word' id='word_1_255' title='bbox 74 4251 238 4300; x_wconf 85' lang='lat' dir='ltr'>narrationem</span> <span class='ocrx_word' id='word_1_256' title='bbox 253 4251 404 4312; x_wconf 86' lang='lat' dir='ltr'>interjectam</span> <span class='ocrx_word' id='word_1_257' title='bbox 419 4253 517 4311; x_wconf 85' lang='lat' dir='ltr'>apoeta</span> <span class='ocrx_word' id='word_1_258' title='bbox 529 4249 645 4298; x_wconf 88' lang='lat' dir='ltr'>secundis</span> <span class='ocrx_word' id='word_1_259' title='bbox 658 4252 724 4300; x_wconf 85' lang='lat' dir='ltr'>curis</span> <span class='ocrx_word' id='word_1_260' title='bbox 739 4252 763 4299; x_wconf 91' lang='lat' dir='ltr'>in</span> <span class='ocrx_word' id='word_1_261' title='bbox 778 4250 883 4299; x_wconf 87' lang='lat' dir='ltr'>schedas</span> <span class='ocrx_word' id='word_1_262' title='bbox 897 4251 1032 4312; x_wconf 86' lang='lat' dir='ltr'>conjectam</span> <span class='ocrx_word' id='word_1_263' title='bbox 1047 4264 1103 4298; x_wconf 90' lang='lat' dir='ltr'>esse</span> <span class='ocrx_word' id='word_1_264' title='bbox 1120 4268 1132 4294; x_wconf 77' lang='lat' dir='ltr'>a</span> <span class='ocrx_word' id='word_1_265' title='bbox 1147 4251 1197 4300; x_wconf 89' lang='lat' dir='ltr'>cri-</span> 
     </span>
     <span class='ocr_line' id='line_1_35' title="bbox 75 4318 383 4385; baseline -0.01 -12"><span class='ocrx_word' id='word_1_266' title='bbox 75 4324 118 4373; x_wconf 88' lang='lat' dir='ltr'>tici</span> <span class='ocrx_word' id='word_1_267' title='bbox 135 4322 171 4371; x_wconf 92' lang='lat' dir='ltr'>illi</span> <span class='ocrx_word' id='word_1_268' title='bbox 186 4322 304 4385; x_wconf 84' lang='lat' dir='ltr'>suspicati</span> <span class='ocrx_word' id='word_1_269' title='bbox 319 4318 383 4370; x_wconf 62' lang='lat' dir='ltr'>snut.</span> 
     </span>
    </p>

    <p class='ocr_par' dir='ltr' id='par_1_14' title="bbox 1064 4411 1076 4451">
     <span class='ocr_line' id='line_1_36' title="bbox 1064 4411 1076 4451; baseline 0 0"><span class='ocrx_word' id='word_1_270' title='bbox 1064 4411 1076 4451; x_wconf 79' lang='lat' dir='ltr'>s</span> 
     </span>
    </p>
   </div>
   <div class='ocr_carea' id='block_1_8' title="bbox 0 0 1426 4928">
    <p class='ocr_par' dir='ltr' id='par_1_15' title="bbox 0 0 1426 4928">
     <span class='ocr_line' id='line_1_37' title="bbox 0 0 1426 4928; baseline 0 3"><span class='ocrx_word' id='word_1_271' title='bbox 0 0 1426 4928; x_wconf 95' lang='lat' dir='ltr'> </span> 
     </span>
    </p>
   </div>
  </div>
 </body>
</html>
