2844 4928
582 283 679 329 cxrur
704 280 838 329 parison.
1228 262 1267 326 11

145 481 236 551 quae
268 457 348 523 inde
375 458 409 522 in
444 477 544 524 usum
571 478 672 524 suum
694 457 886 524 traduxerit
916 455 1101 542 Vergilius,
1127 478 1269 546 prorsus

145 565 321 634 sufficiunt
354 564 485 631 Timaei
512 565 740 651 fragmenta¹,
774 563 1018 652 luculentaque
1062 562 1188 631 lustini
1225 563 1270 630 de
1375 595 1378 601 ’

144 672 482 760 Carthaginiensium
502 672 695 759 originibus
714 672 866 739 narratio
877 671 902 739 ².

689 975 736 1043 lll

513 1198 556 1240 DE
575 1198 765 1242 DEPERDI'I'IS
784 1197 909 1241 Munms

192 1425 295 1506 Quod
315 1446 484 1490 veronen
505 1423 549 1490 ad
570 1424 740 1491 Didonem
759 1425 871 1513 ipsam
891 1423 952 1489 sed
972 1421 1016 1489 ad
1040 1423 1118 1492 illas
1142 1424 1271 1511 mythi-

145 1555 204 1600 eas
234 1554 401 1622 personas
430 1533 562 1614 attinet,
594 1572 637 1581 -
668 1531 898 1622 Calypsonem
926 1531 1017 1612 dico,
1051 1529 1267 1620 Circamque,

144 1640 386 1729 Medeamque,
430 1639 685 1728 Ariadnamque
723 1660 763 1705 ae
796 1637 1024 1720 Simaetham,
1065 1678 1107 1687 -
1146 1638 1271 1704 similia

145 1746 288 1837 quidem
318 1746 444 1812 Didoni
470 1766 604 1834 passas,
635 1767 851 1834 quarumque
879 1743 924 1810 ad
951 1745 1126 1834 exemplar
1148 1744 1270 1829 Vergi-

145 1852 214 1918 lius
234 1852 390 1918 mulieris
406 1858 479 1918 tum
495 1852 654 1934 amantiS,
671 1857 745 1918 tum
761 1853 926 1941 deceptae
941 1851 1082 1919 affectus
1102 1851 1267 1941 depinxit,

148 1981 262 2048 neque
283 1959 325 2025 de
345 1959 502 2048 personis
523 1959 609 2043 istis,
628 1965 766 2048 practer
781 1982 821 2025 ea
836 1980 924 2048 quae
941 1959 1098 2024 novimus
1113 1957 1267 2039 Homeri,

147 2064 340 2156 Euripidis,
371 2065 563 2155 Apollonii,
603 2065 792 2148 Theocriti,
831 2064 955 2132 Catulli
991 2069 1168 2154 poemata,
1202 2064 1268 2130 alia

148 2171 321 2260 quaedam
348 2173 517 2239 exstitisse
547 2172 837 2238 verisimillimum
868 2177 935 2255 est,
970 2171 1062 2238 unde
1091 2169 1208 2237 noster
1235 2172 1269 2236 iu

84 2333 85 2337 ,
147 2300 223 2345 rem
242 2300 342 2345 suam
356 2279 529 2345 tantillum
549 2285 749 2346 convertere
769 2280 931 2369 potuerit.

191 2384 307 2451 Primo
328 2385 420 2450 enim
445 2383 488 2450 de
509 2383 714 2476 Calypsone,
737 2384 835 2453 Circa
857 2384 1114 2474 Simaethaque,
1136 2383 1269 2451 nullum

146 2489 252 2558 fuisse
271 2492 446 2581 peculiare
466 2514 604 2559 carmen
628 2514 692 2581 pro
718 2498 812 2559 certo
835 2491 1036 2559 habendum
1060 2492 1145 2558 est³.
1169 2489 1271 2571 Quod

148 2599 176 2663 si
195 2598 327 2683 fuisset,
345 2622 455 2690 paene
475 2621 617 2667 neeesse
638 2601 680 2666 sit
700 2607 737 2666 ut
765 2601 924 2682 sciamus,
952 2621 1030 2666 cum
1049 2605 1120 2666 tam
1140 2598 1269 2664 multae

146 2725 256 2794 usque
277 2705 321 2771 ad
339 2727 402 2775 nos
421 2708 644 2796 pervenerint
666 2707 971 2793 grammaticorum
995 2707 1266 2796 compilationes,

146 2816 218 2877 tam
242 2813 350 2879 multa
374 2818 408 2879 et
433 2814 538 2901 longa
560 2815 596 2879 in
622 2836 765 2901 graecos
791 2816 977 2904 scriptores
1006 2813 1270 2880 scholiastarum

149 2921 406 3003 commentaria,
429 2927 479 2988 tot
501 2949 516 2982 (ι
533 2922 765 2988 bibliothecae
782 2948 798 2983 u
820 2923 1002 3013 excerptis,
1016 2925 1066 2987 tot
1084 2921 1194 2987 lexiea
1211 2942 1272 2987 no-

148 3027 300 3093 minibus
330 3050 370 3094 ao
398 3029 506 3095 titulis
534 3028 672 3094 referta.
699 3029 895 3119 Perpaucas
916 3033 1053 3116 egomet
1071 3051 1151 3094 reor
1168 3028 1269 3094 nobis

147 3133 300 3219 ignorari
320 3136 581 3227 deperditorum
601 3137 812 3226 antiquitatis
827 3137 996 3203 librorum
1013 3137 1268 3226 inscriptiones

192 3241 330 3310 Medeos
358 3249 489 3327 contra,
515 3250 654 3333 praeter
680 3244 904 3334 Euripideum
931 3251 964 3311 et
990 3244 1267 3335 Apollonianam,

148 3348 219 3414 sive
243 3351 334 3417 inter
358 3349 520 3435 Graecos,
546 3353 616 3418 sive
637 3353 726 3418 iuter
749 3351 888 3418 Latinos
913 3374 984 3418 non
1004 3352 1154 3418 defuisse
1175 3356 1271 3419 extra

146 3633 188 3696 lV,
203 3633 309 3684 632-633
325 3635 402 3683 :Tum
413 3636 521 3685 breviter
535 3637 628 3685 Barcen
644 3638 763 3686 nutricem
773 3637 803 3686 ad
818 3637 868 3686 tata
881 3637 994 3701 Sychaei,
1005 3636 1124 3700 Namque
1135 3650 1212 3686 suom
1219 3652 1270 3701 po-

148 3706 201 3754 trio
224 3707 339 3772 antiqua
359 3707 426 3755 cinis
445 3712 504 3756 uter
524 3706 645 3759 babebat.
661 3736 691 3744 -
707 3709 741 3757 Ex
758 3711 833 3767 Aen„
853 3709 893 3768 lV,
908 3709 953 3757 211
969 3723 1033 3772 sqq,
1048 3710 1148 3771 conjicit
1161 3708 1270 3758 erdxxx

146 3774 280 3838 Vergilium
296 3791 344 3825 non
359 3779 457 3826 novisse
472 3793 500 3826 ea
518 3792 580 3840 quae
598 3779 767 3841 perhibuerint
784 3780 894 3828 nonnulli
909 3781 973 3828 inter·
987 3781 1101 3843 antiquos
1116 3781 1146 3828 de
1166 3779 1269 3843 decepto

146 3845 217 3896 larba
230 3863 244 3896 a
258 3847 355 3896 Didone
376 3849 401 3896 in
422 3851 529 3898 Africam
550 3851 696 3901 considenti.
713 3851 905 3917 (Vere-siud„
924 3865 949 3913 p.
972 3850 1038 3915 107.)
1061 3851 1111 3914 Ego
1132 3852 1270 3915 neglexisse

146 3931 201 3966 eum
215 3919 301 3982 potius
317 3934 405 3968 censeo
420 3920 523 3983 (dequo
538 3936 561 3968 v.
578 3921 643 3970 iutra
655 3923 679 3969 in
695 3923 803 3981 Didone,
817 3924 863 3986 ru.)
892 3923 893 3926 ’

178 3990 200 4039 1.
218 3991 332 4050 Truncus,
349 3991 378 4039 fr.
395 3991 425 4039 23
436 3991 535 4053 (Didot,
553 3991 571 4053 l,
587 4007 611 4054 p.
629 3991 692 4052 197).

177 4061 201 4111 2.
218 4061 336 4124 Jusrmos,
359 4061 446 4121 XVlll,
470 4062 554 4127 lsqq.
571 4091 602 4099 -
624 4063 660 4114 Cf.
684 4065 786 4114 Suuvms
808 4068 833 4114 in
855 4069 928 4124 Aen„
951 4065 992 4125 IV,
1007 4065 1047 4116 36.
1065 4092 1093 4104 -
1108 4066 1142 4114 De
1161 4064 1271 4114 Didone-

149 4132 256 4191 Asterte,
271 4149 294 4184 v.
309 4134 418 4181 Panassa
428 4138 452 4182 ct
465 4134 566 4194 locoru,
582 4136 653 4184 Rdrn.
669 4137 790 4200 Mytbol„
806 4138 835 4197 ll,
851 4137 906 4197 313,
923 4138 993 4198 u.1;
1009 4136 1063 4197 406,
1079 4138 1175 4185 minime
1190 4141 1270 4184 autem

146 4202 218 4252 facile
231 4208 270 4252 est
283 4205 425 4268 intellegere
442 4205 501 4267 quid
516 4220 546 4254 ex
563 4221 592 4255 ea
606 4207 689 4257 tabula
703 4209 799 4257 trahere
811 4212 918 4273 potuerit
930 4209 1062 4273 Vergilius,

177 4273 201 4322 3.
221 4274 326 4324 Circam
342 4275 445 4338 Satyriei
462 4276 581 4325 dramatis
596 4278 635 4326 vel
649 4281 790 4329 comoediae
802 4287 969 4344 argumentum
981 4282 1060 4344 poetis
1074 4280 1216 4343 praebuisse
1232 4279 1270 4329 vi-

147 4345 219 4395 detur
230 4346 324 4410 (Purra,
342 4347 417 4413 Trap.
425 4362 508 4412 grece,
523 4353 539 4395 t.
555 4348 594 4407 lV,
610 4364 634 4411 p.
651 4350 714 4414 280).
