2844 4928
612 339 787 387 concauam.
1199 320 1263 384 157

144 516 264 582 Nonne
284 515 408 583 bellico
428 515 540 581 labori
559 516 638 585 totis
658 516 789 583 viribus
808 518 950 596 intenta,
968 521 1039 581 toto
1055 514 1170 581 animo
1184 535 1264 580 vere

144 621 254 688 defixa
271 622 467 689 incumbit?

189 728 274 796 Cum
310 728 435 795 Amata
464 728 603 795 Aeneae
626 730 801 814 irascitur,
833 733 950 819 optato
985 748 1116 814 genero
1152 727 1262 809 timet,

144 834 378 924 Laviniaeque
398 836 522 924 suique
540 837 701 903 miseram
723 842 851 903 sortem
871 834 987 917 deflet,
1008 856 1121 901 nonne
1136 835 1212 922 ejus
1229 838 1267 899 et

144 943 250 1008 verba
267 948 301 1008 et
317 945 393 1008 acta
412 943 592 1009 veritatem
611 943 715 1033 plane
735 943 892 1032 spirant?

189 1048 264 1115 Non
294 1049 457 1139 equidem
482 1049 584 1116 video
610 1072 760 1140 usquam
792 1052 841 1116 ita
870 1070 976 1138 agere
995 1049 1267 1136 vergiliauarum

145 1155 330 1222 mulierum
351 1156 456 1221 ullam
477 1161 513 1223 ut
528 1157 651 1222 merito
669 1156 870 1223 derideatur
889 1161 1056 1246 tanquam

457 1350 558 1429 nervis
572 1350 679 1404 alienis
691 1349 802 1405 mobile
814 1351 945 1416 lignum3

145 1544 316 1611 nusquam
347 1522 452 1588 ullam
481 1522 530 1589 ita
557 1499 660 1612 loqui
679 1529 718 1589 ut
747 1520 892 1610 Vergilii
914 1542 934 1586 a
962 1524 1061 1607 tergo
1082 1520 1157 1607 ejus
1177 1520 1267 1587 male

145 1628 283 1697 latentis
302 1651 422 1696 vocem
444 1634 477 1696 et
496 1629 604 1696 verba
620 1650 860 1715 agnoscamus.

193 1824 495 1907 Quemadmodum
512 1846 595 1890 vero
615 1825 792 1914 aptissime
806 1824 850 1891 ad
869 1828 1006 1914 tempus
1025 1824 1268 1915 praesentique

146 1933 305 1998 fortunae
338 1936 568 2018 congruenter
605 1936 639 1997 et
677 1936 784 2018 agunt
814 1932 894 1997 illae
924 1935 958 1997 et
986 1930 1192 2020 loquuntur,
1222 1931 1271 1996 ita

147 2039 319 2105 humanae
346 2046 500 2120 naturae,
532 2039 644 2128 qualis
663 2039 698 2105 iu
721 2045 899 2105 aeteruum
923 2042 1067 2128 perstat,
1092 2043 1271 2105 consenta-

147 2167 230 2212 neas
251 2169 287 2212 se
307 2152 495 2236 praestant.

173 2251 373 2319 ·Camillam
396 2252 535 2341 quidem
563 2254 726 2343 excipias,
755 2252 853 2339 cujus
874 2273 1005 2335 moreS‚
1030 2257 1148 2342 utpote
1168 2251 1270 2319 labu-

147 2358 211 2424 losi
228 2359 306 2442 sint,
330 2359 477 2448 experiri
496 2360 679 2449 nequimus
694 2382 738 2426 au
756 2358 1006 2425 accommodati
1026 2358 1092 2424 sint
1111 2357 1156 2424 ad
1175 2364 1272 2425 natu·

148 2485 242 2546 ram;
281 2486 395 2532 noune
425 2465 570 2532 Amatae
598 2465 744 2548 indoles,
781 2506 825 2515 -
850 2464 987 2531 sublato
1011 2466 1077 2530 isto
1104 2465 1271 2531 miraculo

149 2594 217 2662 quo
256 2571 397 2661 quidem
434 2572 577 2638 absente
612 2595 680 2639 non
712 2572 826 2638 minus
854 2572 954 2637 facile
987 2571 1143 2657 intellegi
1174 2572 1272 2637 furor

148 2678 241 2745 illius
256 2679 378 2767 possit,
400 2717 444 2728 —
464 2701 504 2744 ea
522 2684 573 2747 est
597 2700 700 2769 quam
723 2679 800 2768 quis
821 2677 946 2745 cotidie
966 2679 1056 2743 inter
1075 2699 1155 2746 suos
1174 2700 1273 2768 repe-

141 2785 218 2850 ‘rire
239 2786 368 2873 queat?
398 2785 519 2851 Nonne
547 2793 657 2852 mater
676 2786 862 2875 quaelibet,
890 2785 988 2871 cujus
1008 2783 1115 2850 tiliam
1136 2785 1272 2850 unicam

150 2892 268 2977 ignoto
284 2891 438 2957 advenae
453 2893 709 2959 incautissimus
730 2894 873 2958 maritus
893 2892 1102 2981 promiserit,
1120 2892 1197 2982 pari
1211 2890 1273 2956 do-

151 2999 236 3076 lore,
260 3020 328 3088 quo
348 2998 548 3066 Latinorum
570 3001 701 3085 regina,
725 2998 966 3065 succensebit?
985 2998 1028 3064 Et
1047 2999 1114 3063 nisi
1132 2998 1273 3087 proprio

152 3126 267 3187 sensu,
290 3126 403 3171 nonne
417 3105 565 3190 figurate
588 3107 647 3171 illa
666 3132 682 3167 «
705 3105 949 3173 debacchari»
973 3104 1095 3170 merito
1115 3103 1274 3170 dicetur?

197 3211 298 3277 Anna
322 3234 459 3301 quoque
484 3234 560 3278 cum
591 3212 718 3278 Didoni
747 3212 869 3278 suadet
895 3217 932 3279 ut
963 3234 1026 3278 suo
1061 3213 1095 3276 in
1120 3211 1274 3277 Aeneam

151 3319 262 3385 amori
282 3319 495 3402 succumbat,
517 3359 561 3369 -
580 3320 717 3386 tametsi
735 3321 846 3386 nescit
865 3325 981 3386 utrum
997 3319 1113 3407 justae
1133 3320 1273 3408 nuptiae

150 3424 231 3491 inde
251 3425 386 3491 futurae
407 3427 475 3491 sint
502 3449 623 3508 necne,
651 3465 695 3475 -
725 3448 809 3492 num
835 3425 904 3491 alia
930 3427 1034 3492 sentit
1052 3431 1087 3490 et
1105 3424 1271 3513 loquitur,

151 3570 195 3581 -
211 3536 245 3597 et
262 3536 364 3614 tacet,
389 3570 432 3582 —
461 3536 564 3623 atque
591 3553 727 3600 sorores
753 3533 833 3600 illae
862 3537 921 3598 aut
949 3532 1078 3598 amicae
1098 3529 1274 3596 labantem

148 3639 223 3725 jam
243 3638 426 3703 mulierem
451 3640 602 3705 consiliis
632 3641 703 3708 suis
732 3638 997 3720 labefactantes,
1025 3638 1133 3703 amori
1164 3665 1180 3698 «
1202 3637 1274 3727 pla-

152 3745 220 3810 cito
241 3771 257 3804 s
284 3742 451 3810 obsistere
479 3745 587 3827 nefas,
616 3751 776 3811 naturam
802 3746 900 3834 sequi
916 3745 1050 3832 justum
1077 3766 1151 3810 esse
1172 3766 1273 3834 prae-

152 3849 330 3918 dicantes?

196 3956 240 4023 Et
258 3958 325 4046 ipsi
345 3957 525 4040 Laviniae,
557 3959 677 4040 credo,
705 3980 843 4048 semper
876 3965 909 4024 et
931 3957 1061 4046 ubique
1092 3979 1272 4025 occurrere

152 4063 244 4130 licet.
270 4064 399 4131 Saltem
427 4067 518 4131 euim
545 4068 581 4131 iu
606 4065 694 4132 fictis
714 4073 911 4132 nostrorum
930 4072 1128 4155 temporum
1152 4087 1273 4130 narra-

153 4170 306 4237 tionibus
337 4177 397 4237 aut
427 4173 462 4237 in
499 4172 685 4238 comoediis
723 4180 808 4262 quot
840 4173 1050 4238 inducuntur
1086 4171 1272 4261 puellulae,

153 4278 322 4344 amatoria
351 4279 568 4364 aegritudine
588 4280 797 4362 laborantes,
819 4301 932 4369 neque
953 4284 1071 4370 optato
1090 4279 1163 4344 viro
1184 4300 1273 4367 nup-

153 4388 268 4467 turae,
291 4407 379 4474 quae
400 4386 577 4473 languenti
605 4387 727 4453 morbo
757 4408 969 4453 marcescere
999 4409 1034 4452 se
1060 4407 1127 4451 non
1148 4386 1273 4451 invitae
