2844 4928
605 735 748 804 CAPUT
784 736 982 806 TERTIUM

295 948 347 1025 Dn¹
367 958 491 1026 Drnonn
515 981 577 1026 cun
602 981 752 1026 smnmns
776 979 856 1037 onan
879 945 918 1026 nn
943 960 1094 1043 Honnno,
1121 961 1290 1045 Euaimon,

233 1068 426 1149 Aromonro,
444 1067 638 1149 Turonium,
662 1065 806 1134 Carnum
826 1088 1186 1150 numerumnunerum,
1207 1090 1362 1138 rnnsorus

701 1195 886 1241 conrannm
979 1192 981 1203 ¹

657 1408 922 1416 Μ

788 1621 803 1687 Ι

276 1847 352 1912 Non
371 1870 413 1913 ex
431 1847 500 1912 uno
519 1851 623 1936 poeta
642 1845 798 1934 exempla
824 1846 860 1911 in
888 1846 1085 1934 effingenda
1112 1846 1246 1912 Didone
1266 1845 1358 1914 Ver-

230 1952 335 2040 gilius
354 1958 530 2020 mutuatus
560 1958 622 2037 est,
652 1952 714 2020 sed
742 1975 759 2018 e
786 1953 944 2043 pluribus
976 1976 1017 2019 ea
1044 1953 1182 2041 collegit
1210 1955 1357 2043 quaein

229 2062 412 2127 utilitatem
441 2083 539 2126 suam
573 2065 733 2127 verteret.
763 2060 949 2127 Praeterea
973 2062 1029 2128 vel
1051 2062 1164 2151 primo
1184 2060 1357 2152 adspectu

229 2169 452 2259 perspicuum
482 2178 550 2250 est,
582 2173 711 2256 quanto
738 2168 846 2237 fusius
874 2167 1017 2234 Didonis
1047 2190 1202 2234 amorem
1232 2173 1266 2234 et
1295 2191 1357 2235 ca-

230 2299 305 2342 sum
326 2297 434 2367 quam
464 2274 579 2343 Circae
603 2282 662 2341 aut
682 2272 884 2364 Calypsonis
913 2275 1095 2349 Homerus,
1125 2276 1182 2341 vel
1208 2275 1356 2343 Medeae

229 2382 413 2472 Euripides
444 2388 478 2449 et
505 2382 720 2472 Apollonius,
752 2381 806 2448 vel
836 2381 1031 2449 Simaethae
1052 2383 1267 2466 Theocritus»,
1296 2383 1356 2450 vel

230 2489 381 2558 Catullus
401 2490 575 2556 Ariadnae
590 2489 823 2579 descripserit.
849 2488 942 2570 Quas
967 2490 1012 2557 ob
1032 2513 1153 2561 causas
1169 2491 1354 2580 paululum

228 2597 432 2677 mutandum
451 2597 607 2663 ordinem
628 2618 764 2679 censeo,
787 2619 890 2686 quem
915 2596 957 2663 de
981 2598 1225 2665 Andromacha
1243 2597 1354 2667 disse-

226 2727 306 2786 rens
323 2706 458 2771 servavi
478 2727 486 2773 :
510 2703 700 2771 evidentius
721 2705 824 2785 enim,
847 2703 963 2789 credo,
985 2705 1168 2796 apparebit
1182 2710 1354 2796 quantum

227 2797 248 2879 a
273 2812 460 2904 prioribus,
491 2833 577 2900 quos
605 2812 758 2879 imitatus
786 2817 853 2894 est,
884 2814 995 2902 poetis
1023 2811 1196 2899 Vergilius
1227 2834 1354 2880 revera

227 2918 374 3002 differat,
405 2921 433 2986 si
460 2919 601 3006 longam
630 2918 706 3006 ejus
738 2924 772 2985 et
798 2927 993 2987 accuratam
1014 2921 1056 2987 de
1080 2920 1213 2987 Didone
1234 2943 1355 2988 narra-

225 3029 355 3094 tionem
392 3050 455 3119 per
489 3026 680 3093 Aeneidem
713 3033 865 3111 secutus,
897 3030 932 3095 in
960 3030 1036 3119 ipso
1064 3030 1204 3111 itinere,
1235 3033 1274 3094 ut
1301 3030 1353 3097 ita

226 3134 352 3219 dicam,
392 3136 702 3224 quotienscumque
736 3157 772 3201 se
811 3134 907 3202 dabit
945 3138 1092 3220 occasio,
1131 3136 1350 3222 indicavero,

226 3242 309 3331 quid
329 3242 409 3308 hinc
429 3245 488 3309 aut
506 3242 601 3307 illinc
621 3239 795 3328 Vergilius
816 3243 1039 3334 decerpserit,
1063 3243 1147 3332 quid
1166 3244 1209 3310 sit
1227 3266 1352 3312 rursus

226 3347 444 3435 dedignatus,
467 3347 551 3438 quid
570 3353 718 3432 mutare,
740 3349 825 3439 quid
844 3349 973 3416 addere
994 3372 1143 3440 aequum
1162 3353 1350 3420 censuerit.

773 3652 805 3719 ll

269 3880 434 3937 ΟΠΑΝΤῙῙΜ,
455 3882 494 3925 ΕΤ
513 3881 578 3926 CUR
597 3881 739 3937 TANTUM,
760 3883 794 3924 IN
814 3879 957 3925 AENEIDE
975 3883 1095 3926 ΡΑΤΕΔΤ
1113 3883 1155 3926 ΒΕ
1179 3883 1303 3929 ΒῙΒΟΝΕ
1391 3924 1394 3935 ,

698 3955 874 4019 ἐπεισόδιονῖ

269 4198 360 4265 lllud
372 4199 522 4288 primum
536 4199 571 4265 in
584 4197 747 4266 Aeneidis
761 4198 874 4288 primo
885 4203 1076 4288 quartoque
1091 4198 1180 4265 libro
1196 4200 1350 4290 cuipiam

224 4306 385 4373 facillime
412 4307 532 4395 liquet,
562 4311 727 4395 quantum
756 4306 821 4371 loci
849 4306 1059 4396 explicandis
1083 4305 1226 4373 Didonis
1252 4331 1351 4376 amo·
1400 4406 1403 4413 Ι
