2844 4928
235 255 277 319 m
691 273 769 320 rans
791 273 896 320 aaron.

233 449 378 516 dubium
404 456 470 518 stat
484 452 505 516 ¹.
527 450 663 516 Etenim
684 447 873 540 Sophocles
896 450 932 514 in
951 449 1063 514 trihus
1087 450 1206 537 utique
1226 448 1354 516 fabulis

232 555 390 623 Medeam
415 557 576 643 attigerat
604 579 611 625 :
639 558 674 622 in
701 555 926 639 Colchidihus,
949 557 985 622 iu
1014 555 1148 645 Scythis
1171 561 1205 622 et
1230 557 1265 622 iu
1289 559 1355 624 Pe-

231 661 321 728 liadc
336 683 351 745 ,·
368 662 552 753 Euripides
572 661 745 729 Peliadem
765 667 798 729 et
817 664 891 752 ipse
907 663 1169 751 composuerat²
1185 685 1192 744 3
1216 667 1250 728 et
1265 663 1357 730 iuter

229 769 313 835 alias
331 770 477 836 aliorum
497 776 678 861 poetarum
699 769 833 837 Carciui
850 770 1036 858 praecipue
1056 767 1178 837 Medea
1191 770 1351 837 refertur.

229 875 362 942 Verum
376 901 416 943 ex
436 879 523 959 istis,
541 899 629 966 quae
649 899 717 943 nou
739 876 940 967 superfuere
955 875 1143 961 tragoediis
1158 877 1245 942 nihil
1259 899 1356 943 assu-

228 1005 323 1049 mere
343 985 496 1072 potuisse
516 984 710 1070 Vergilium
730 983 823 1073 quod
852 982 896 1050 ad
925 982 1095 1049 Didonem
1118 1005 1216 1049 suam
1242 989 1356 1050 trans-

226 1090 343 1174 ferret,
377 1096 446 1174 aut,
475 1091 613 1181 quando
642 1092 766 1180 potuit,
792 1091 879 1156 nihil
907 1092 1136 1180 assumpsisse
1166 1090 1352 1158 contendo.

226 1197 346 1288 Neque
373 1220 515 1288 prorsus
541 1221 609 1264 non
635 1198 722 1264 haec
748 1204 800 1264 est
824 1220 878 1263 res
897 1197 1022 1264 idonea
1047 1197 1090 1264 de
1119 1220 1189 1287 qua
1212 1220 1356 1265 accura-

222 1307 290 1371 tius
320 1310 518 1395 quaeratur,
551 1328 629 1372 cum
659 1305 801 1394 quidam
830 1329 848 1371 e
881 1305 1131 1373 recentioribus
1164 1305 1354 1395 philologis

223 1412 302 1502 plus
319 1412 414 1500 justo
435 1413 609 1499 adaugere
638 1413 724 1479 mihi
749 1412 933 1479 videantur
953 1435 1102 1501 eaquae
1121 1413 1260 1480 Graecis
1280 1419 1355 1478 tra-

207 1520 357 1605 goediis
397 1541 458 1586 seu
497 1520 759 1609 superstitibus,
801 1541 862 1585 seu
903 1521 1037 1589 amissis
1076 1519 1251 1605 Vergilius
1290 1520 1354 1586 de-

224 1626 340 1692 buerit
352 1628 375 1693 ⁸.

240 1824 242 1829 Ι
269 1734 476 1824 Scytharum
505 1740 620 1800 autem
651 1733 834 1824 Sophoclis
862 1734 950 1800 illud
972 1738 1216 1821 argumentum
1243 1735 1353 1803 fuisse

223 1842 289 1906 viri
324 1841 417 1908 docti
447 1843 665 1909 consentiunt
695 1863 702 1910 :
741 1843 960 1928 Argonautas
993 1841 1199 1909 Colchorum
1229 1840 1354 1930 regem

224 1971 303 2015 cum
323 1950 431 2017 classe
452 1955 718 2039 persequentem
737 1951 772 2015 in
794 1950 954 2038 Scythiae
976 1950 1073 2015 litore
1090 1931 1230 2016 tandem
1243 1952 1353 2018 luisse

224 2056 406 2146 adeptum,
424 2061 559 2122 —tuuc
578 2079 662 2123 vero
678 2057 869 2138 exterritos
883 2057 1038 2145 periculo
1054 2057 1203 2122 instante
1223 2063 1256 2123 et
1270 2056 1354 2125 hos-

223 2163 316 2228 tibus
336 2185 481 2230 numero
501 2163 793 2253 praevalentibus
807 2185 951 2250 graecos
970 2164 1094 2229 heroes
1117 2164 1158 2229 de
1178 2164 1352 2252 placando

223 2268 311 2336 Aeta
340 2269 587 2360 reddendaque
622 2269 745 2338 Medea
773 2269 949 2336 dubitasse
975 2292 1015 2335 ac
1044 2269 1272 2353 deliberasse3
1306 2311 1353 2322 -—

223 2375 382 2445 Medeam
402 2383 521 2444 contra
538 2378 664 2444 horum
684 2378 825 2444 consilio
844 2377 1030 2457 obstitisse,
1054 2399 1093 2443 ae
1117 2377 1265 2466 denique
1285 2380 1350 2445 mi-

222 2486 384 2570 tigatam,
420 2508 498 2551 cum
533 2485 744 2573 Argonautis
778 2506 888 2574 usque
927 2485 1133 2550 remansisse
1151 2485 1172 2550 ⁵.
1213 2484 1348 2565 Quibus

223 2598 338 2657 autem
355 2591 533 2658 affectibus
553 2598 634 2658 tunc
653 2592 819 2682 temporis
839 2597 1010 2657 commota
1029 2590 1151 2659 Medea
1168 2591 1283 2674 fuerit,
1307 2616 1349 2658 ex

222 2700 263 2766 iis
281 2700 433 2788 primum
453 2699 624 2785 conjicere
644 2699 744 2765 uobis
764 2698 866 2764 datur
883 2719 972 2787 quae
997 2703 1098 2764 antea
1123 2697 1244 2764 fecisse
1271 2721 1349 2764 eam

224 2805 413 2896 Sophocles
442 2805 599 2872 finxerat.
632 2805 709 2871 Non
737 2810 852 2871 autem
880 2804 984 2870 modo
1012 2804 1194 2887 tasonem,
1229 2827 1347 2872 amore

221 2914 365 3003 percita,
388 2912 520 2979 artibus
540 2913 609 2978 suis
629 2912 823 3000 adjuverat,
851 2911 912 2978 sed
933 2918 966 2978 et
984 2911 1174 3000 Absyrtum
1203 2913 1348 2979 fratrem

218 3020 291 3108 jam
304 3025 404 3086 antea
417 3019 651 3086 trucidaverat
660 3021 683 3087 ⁵.
698 3018 835 3086 infandi
848 3021 955 3106 igitur
969 3017 1108 3085 sceleris
1124 3021 1344 3103 conscientia,

221 3128 322 3194 simul
343 3131 446 3218 atque
465 3128 633 3195 iratorum
653 3148 795 3195 suorum
817 3131 962 3205 terrore,
992 3127 1198 3211 exagitatam
1221 3125 1346 3215 (neque

253 3334 276 3384 1.
294 3333 321 3382 E.
337 3333 367 3383 A.
384 3333 402 3381 l.
419 3335 525 3394 Annuus,
545 3332 679 3396 Sophoclis
696 3333 868 3396 perditarum
882 3330 1057 3395 [fabularum]
1072 3331 1241 3397 fragmenta;
1256 3333 1297 3382 Fu.
1314 3332 1345 3384 G.

221 3409 346 3464 Waousa,
361 3405 518 3468 Fragmenta
532 3404 670 3468 Euripidis
683 3405 725 3468 [ct]
744 3403 911 3469 perditorum
930 3404 1091 3466 tragicorum
1106 3404 1221 3451 omnium
1230 3421 1241 3462 ‚⁴
1256 3407 1347 3455 Wsuc·

221 3493 276 3538 aaa,
293 3477 335 3525 die
346 3475 523 3541 griechischen
542 3476 688 3542 Trago'diea
701 3491 711 3531 ;
725 3476 831 3535 Marsua,
847 3475 963 3522 Historia
983 3475 1077 3522 critica
1092 3477 1252 3538 tragicorum
1264 3490 1346 3541 grae-

221 3563 327 3605 carum‚·
343 3549 425 3606 Pana,
442 3541 541 3596 Etades
553 3560 601 3595 sur
615 3546 651 3596 tes
667 3548 811 3611 Tragiqaes
825 3560 907 3611 grecs.

251 3621 277 3668 2.
292 3619 407 3669 Consulto
424 3619 549 3681 Euripidis
562 3617 679 3682 Aegeum
693 3619 786 3675 omitto,
799 3619 822 3665 iu
838 3632 887 3680 quo
902 3616 989 3665 Medea
1003 3631 1099 3680 quoque
1115 3618 1284 3677 inducebatur,
1302 3620 1347 3668 sed

221 3691 269 3739 alia
295 3705 396 3753 prorsus
424 3691 536 3752 vulgatae
564 3690 594 3738 de
621 3689 663 3737 illa
691 3690 787 3737 fabulae
819 3703 876 3750 pars
898 3688 923 3736 in
950 3688 995 3737 hac
1018 3689 1145 3751 tragoedia
1168 3691 1345 3752 exponebatur.

221 3762 272 3824 (Ol.
285 3761 419 3821 Waucrrrs,
436 3775 460 3823 p.
474 3759 537 3820 729;
556 3760 675 3818 Waouan,
693 3774 717 3821 p.
732 3759 798 3820 621.)

240 3834 275 3893 ,3.
293 3832 438 3891 Censores,
454 3833 478 3879 iu
497 3832 621 3894 prooemio
641 3831 749 3896 Vergilii
763 3832 793 3879 ab
809 3830 852 3878 iilo
866 3830 942 3891 editi3
961 3830 1053 3890 llasnr,
1067 3831 1199 3881 Aeneidea
1210 3848 1220 3888 ,·
1232 3832 1346 3896 Brasaca,

224 3903 371 3954 Geschz‘chte
386 3903 411 3952 d.
430 3905 495 3951 ra'm.
512 3901 654 3966 Dichtmcg.

253 3975 275 4023 l.
296 3975 428 4033 lllnccuaa,
444 3989 469 4037 p.
483 3973 529 4022 33⁴1
543 3987 615 4037 sqq.;
632 3974 742 4032 Brasaca,
757 3971 783 4023 d.
800 3975 863 4020 ro'm.
889 3973 976 4039 Trag,
992 3989 1016 4037 p.
1033 3973 1146 4035 530-531,
1162 3975 1192 4022 de
1207 3975 1274 4023 Accii
1291 3976 1348 4025 Me-

223 4047 281 4097 dea.
297 4073 325 4083 -
341 4047 439 4094 Annuus
461 4049 495 4109 (p.
516 4044 563 4093 326
583 4045 632 4108 sq.)
648 4059 696 4093 non
718 4046 743 4092 iu
758 4043 859 4106 Scythia
874 4046 917 4093 sed
932 4046 981 4094 alio
1003 4047 1028 4093 in
1049 4046 1103 4094 loce
1123 4061 1199 4109 prope
1220 4046 1348 4096 Graeciam

222 4118 288 4166 illius
305 4117 446 4178 tragoediae
465 4115 570 4165 tabulam
591 4121 669 4164 actam
688 4129 743 4163 essa
762 4118 861 4175 censet3
877 4115 967 4177 quibus
982 4120 1062 4164 autem
1082 4118 1206 4166 excausis
1222 4119 1348 4166 nonsatis

222 4188 307 4250 liquet.

253 4260 277 4307 5.
294 4258 365 4316 Quod
391 4258 416 4306 iu
439 4255 604 4307 Ootchidibas
627 4257 762 4321 Sophocles
787 4257 885 4306 videtur
909 4259 1049 4307 narravisse
1071 4258 1166 4321 (Senos.
1193 4259 1294 4320 Aratu,
1320 4260 1346 4307 in

223 4330 240 4380 l.
256 4330 296 4390 lV,
314 4330 378 4393 223).
394 4329 429 4378 Ct.
447 4329 579 4386 Wrscnm.
598 4344 639 4392 op.
652 4330 705 4389 cit,
723 4344 747 4392 p.
760 4328 814 4378 33⁹1.
