2844 4928
434 658 636 747 INDEX
678 659 908 746 RERUM

627 879 706 887 ——n

537 1064 804 1134 PROOEMIUM

108 1265 300 1309 nocentiorum
313 1264 509 1318 philoloqomm
524 1265 661 1313 aeeuratie
678 1264 712 1306 de
725 1264 844 1307 Aeneide
861 1264 961 1306 studita
979 1263 1094 1319 Vergilii
1111 1265 1229 1314 laudem.

148 1337 220 1389 quod
247 1336 354 1388 qiudem
381 1336 482 1379 attinet
510 1336 546 1378 ad
572 1336 732 1378 inveniendi
763 1337 880 1389 copiam,
896 1338 1027 1379 'multum
1056 1339 1231 1381 imminutam

147 1407 234 1451 luisse
239 1435 1051 1450 ...........................
1103 1413 1131 1466 p.
1149 1413 1230 1452 1-v111

525 1621 641 1690 Pius
680 1575 816 1689 Paion

108 1818 147 1861 De
161 1818 333 1861 muliebrium
347 1817 475 1861 Aeneidis
487 1827 673 1871 personarum,
688 1820 719 1862 ln
731 1819 830 1872 quinus
849 1820 1014 1873 eiiincendle
1035 1792 1150 1865 multum
1171 1823 1231 1866 eine

149 1890 232 1933 dubio
245 1892 357 1943 adjutus
370 1890 423 1932 iuit
436 1890 579 1942 vergilius,
594 1891 692 1934 indole.
708 1891 778 1935 uuld
795 1895 824 1934 et
836 1894 972 1945 quantum
992 1894 1102 1937 aliunde
1123 1895 1232 1939 traditis

149 1963 183 2005 de
196 1972 246 2004 suo
259 1962 402 2005 addiderit.

110 2121 209 2172 Ceron
225 2129 353 2172 rniuou.
372 2117 454 2181 Quid
470 2118 505 2170 de
515 2118 722 2171 Andromacha
732 2125 762 2172 et
777 2120 890 2174 Didone
899 2123 1001 2175 omnia
1011 2137 1106 2176 exem-

141 2197 234 2263 plaria
249 2198 296 2250 vel
313 2198 425 2262 poetice
439 2198 486 2250 vel
498 2198 639 2250 historica
654 2200 740 2251 nohis
756 2206 873 2265 praesto
895 2203 969 2265 sint,
985 2204 1107 2268 quibus-

140 2291 266 2342 cumque
285 2290 371 2330 usum
386 2291 451 2330 esse
466 2279 629 2344 Vergilium
645 2279 805 2334 verisimile
820 2282 859 2334 sit
865 2321 1088 2335 ........
1141 2297 1168 2350 p.
1216 2288 1228 2339 i

235 2396 256 2446 1.
274 2396 314 2446 De
330 2395 532 2447 Andromache
552 2435 1088 2451 ..................
1141 2414 1168 2467 p.
1217 2403 1230 2452 i

223 2477 257 2526 11.
275 2477 316 2527 De
333 2475 448 2528 Didone
459 2515 1088 2531 .....................
1142 2495 1175 2548 p„
1218 2484 1234 2534 9

208 2558 254 2607 lli.
273 2558 315 2608 De
330 2556 491 2621 deperditis
506 2558 615 2610 Medeis
637 2597 1087 2611 ...............
1141 2576 1169 2628 p.
1203 2565 1232 2615 it

208 2637 256 2688 lV.
274 2639 315 2689 De
330 2636 491 2701 deperditis
507 2638 644 2689 Ariadnis
672 2679 1088 2692 ..............
1141 2655 1168 2708 p.
1202 2646 1233 2696 16

111 2785 211 2837 Giror
227 2791 402 2834 seconouu.
420 2783 462 2833 De
476 2781 689 2834 Andromacha.

225 2900 1092 3044 l.ss...·.1·s·..‘.1.·....i.·.·.·:55:53:11:
1143 2914 1172 3046 l:
1204 2904 1236 3035 {l

209 3061 256 3111 lii.
274 3061 316 3112 De
334 3058 504 3124 Vergiliana
511 3059 717 3112 Andromacha
731 3073 799 3111 cum
814 3060 966 3125 Euripidae
976 3061 1092 3114 collata.
1142 3075 1171 3126 p.
1203 3066 1235 3116 28

210 3141 258 3190 lV.
276 3143 317 3193 De
343 3140 512 3205 Vergiliana
534 3140 742 3192 Andromache
763 3154 831 3193 com
847 3141 1000 3195 Homerica
1014 3155 1094 3194 oom-

299 3225 402 3296 parate
429 3258 1089 3273 ......................
1143 3235 1169 3288 p.
1203 3226 1235 3276 34

112 3368 213 3418 curor
232 3375 378 3416 sunnon.
397 3365 439 3415 De
453 3362 565 3415 Didone
578 3377 645 3414 cum
661 3361 809 3415 similibus
824 3376 899 3428 quae
915 3365 1095 3426 abilomcro‚

143 3444 291 3509 Euripide,
306 3443 469 3509 Apollonio,
484 3444 647 3504 Theocrito,
662 3444 778 3498 Catullo
795 3444 959 3509 descriptae
973 3444 1093 3507 fuerint,

89 3536 93 3541 '
143 3524 278 3590 personis
296 3529 471 3588 comparata.

239 3641 246 3688 l
250 3677 1094 3694 ............................
1168 3679 1174 3692 .

227 3724 260 3773 ll.
279 3723 439 3784 Quantum,
454 3725 484 3773 et
496 3734 548 3772 cur
562 3726 689 3784 tantum,
701 3720 733 3773 in
747 3721 877 3774 Aeneide
888 3725 986 3786 pateat
1001 3721 1036 3773 de
1046 3722 1096 3773 Di·
1148 3654 1165 3706 p
1206 3645 1237 3695 38

305 3801 382 3853 done
402 3802 569 3854 ἐπεισόδιονῗ
591 3839 1094 3853 .................
1145 3815 1172 3867 p.
1205 3805 1236 3855 38

213 3885 259 3935 lii.
276 3885 319 3935 De
331 3882 454 3934 Didonis
468 3882 587 3948 ingenio
603 3884 727 3948 ejusque
741 3882 771 3933 in
779 3885 909 3934 Aeneam
919 3882 1029 3934 amoris
1037 3883 1094 3934 ori—

309 3963 431 4028 ginibus
459 3998 1090 4014 .....................
1142 3975 1170 4028 p.
1204 3966 1236 4015 ii

212 4046 260 4095 lV.
278 4043 399 4096 Nullam
415 4044 491 4109 apud
506 4044 617 4109 priores
636 4048 736 4109 poetas
756 4056 822 4096 esse
838 4043 966 4095 similem
980 4043 1095 4096 futura-

307 4138 372 4176 rum
387 4138 485 4177 rorum
501 4124 753 4190 praeparationem
773 4161 1091 4174 ...........
1144 4137 1170 4190 p.
1204 4128 1235 4177 48

226 4206 259 4257 V.
277 4207 319 4257 De
334 4207 461 4258 Deorum
475 4219 493 4257 a
507 4206 632 4270 Vergilio
656 4205 791 4257 adhibita
815 4206 846 4256 in
865 4205 921 4256 hac
942 4204 1095 4256 occasione

308 4300 402 4358 opera,
419 4292 449 4340 et
464 4291 612 4356 quatenus
627 4286 678 4342 illo
693 4287 784 4356 prosit
805 4323 1092 4341 ..........
1145 4299 1172 4354 p.
1204 4287 1236 4342 50
