2844 4928
517 344 614 392 cavur
640 345 789 392 ruarruu.
893 375 896 383 .
1173 318 1216 388 tt

92 518 315 602 verecundia,
345 518 520 606 Vergilius
549 542 586 586 se
609 524 762 610 praestat
789 541 868 587 eum
899 516 1071 587 Didonem
1108 518 1216 586 oculis

92 627 222 696 uostris
250 627 391 715 subjicit
421 649 568 694 «vacua
594 656 610 690 a
636 627 745 695 'domo
773 632 986 711 contentam,
1016 625 1216 717 stratisque,

93 756 207 825 nuper
225 734 270 800 ab
289 739 404 801 amato
424 734 497 800 viro
516 733 640 800 relictis
651 739 675 818 ¹,
690 733 918 802 incubantem.
936 734 1056 823 Neque
1077 733 1217 799 tandem

94 841 379 928 diligentissimus
398 841 612 921 obliviscitur
630 846 732 932 poeta
750 841 838 907 illud
857 842 965 908 amori
981 841 1215 928 conjunctum,

95 971 165 1040 quo
182 949 359 1016 invaditur
377 934 524 1016 amantis
544 949 691 1030 animus,
711 949 802 1015 soliti
821 949 951 1015 laboris
975 947 1184 1017 fastidium²
1207 968 1215 1017 z

360 1182 425 1233 Non
440 1184 560 1246 coeptae
572 1183 735 1245 assurgunt
749 1184 858 1241 turres,
872 1180 944 1233 etet.

94 1385 196 1455 Unde
223 1388 446 1477 perspicuum
475 1386 523 1468 fit,
552 1386 691 1475 opinor,
727 1387 884 1476 quamvis
911 1387 1012 1453 aliter
1048 1387 1217 1453 senserint

14 1507 17 1514 “
94 1493 265 1576 nonnulli,
281 1516 359 1560 cum
375 1494 521 1560 maxima
535 1515 617 1559 cura
637 1493 787 1561 describi
801 1494 948 1585 punicae
967 1495 1108 1581 reginae
1124 1513 1217 1561 amo·

49 1644 62 1668 s
93 1601 142 1667 ris
161 1600 384 1668 incrementa.
406 1599 500 1666 Nihil
519 1601 610 1667 enim
630 1599 847 1668 desideratur
861 1602 983 1668 in'ista
1001 1601 1213 1691 plenissima,

92 1709 177 1775 licet
186 1708 402 1812 brevissima,
416 1708 642 1798 explicatione
653 1730 773 1779 versus
787 1709 885 1775 istius
901 1709 998 1776 initio
1010 1710 1192 1800 praemissi
1206 1731 1214 1780 :

439 1940 533 1992 Uritur
547 1939 650 1993 infelix
664 1940 767 1993 nido...

22 2182 24 2187 ·
95 2147 184 2214 Nam
205 2145 386 2236 quomodo
401 2146 455 2212 vel
473 2147 508 2213 in
529 2169 674 2236 corpore
694 2146 765 2230 illa,
788 2147 844 2214 vel
862 2148 897 2214 in
917 2148 1045 2228 animo,
1068 2147 1122 2213 vel
1142 2148 1214 2237 pri-

96 2246 202 2322 vatim
221 2254 277 2321 vel
300 2252 476 2345 publice«
498 2260 669 2336 uratur»,
696 2254 959 2342 diligentissime
988 2255 1073 2323 haec
1103 2257 1218 2322 omnia

95 2361 283 2449 Vergilius,
302 2367 335 2428 et
353 2361 462 2427 multo
482 2360 682 2448 diligentius
702 2384 806 2452 quam
825 2362 1030 2452 Apollonius
1052 2366 1085 2428 et
1104 2361 1218 2429 Catul-

66 2556 68 2561 4
96 2469 163 2552 lus,
186 2468 380 2535 edisseruit.
1242 2483 1244 2486 ·

141 2563 448 2646 Verumenimvero
466 2598 535 2643 non
555 2577 667 2643 solum
687 2575 805 2643 videre
825 2598 887 2644 nos
905 2577 964 2643 ille
981 2577 1053 2643 vult
1075 2602 1091 2640 o
1105 2578 1220 2644 furen-

95 2691 205 2752 tem»
233 2684 422 2765 Didonem,
453 2683 515 2751 sed
544 2689 578 2750 et
605 2685 763 2751 misereri
780 2689 851 2751 tam
870 2683 1003 2775 perdite
1024 2684 1219 2752 demersam
1320 2756 1323 2763 ,

94 2793 132 2863 in
150 2813 305 2858 amorem
333 2810 438 2882 quem
470 2791 654 2858 infeliciter
684 2813 924 2860 successurum
954 2813 1028 2858 esse
1058 2792 1219 2859 sciamus

67 2972 70 2978 ,
95 2898 187 2966 Illud
206 2900 298 2965 enim
317 2904 396 2966 ante
416 2899 542 2982 omnia,
561 2899 649 2968 sicut
668 2922 774 2989 supra
794 2899 893 2990 coepi
912 2898 1107 2981 ostendere,
1125 2899 1222 2966 cordi

95 3007 219 3089 habet,
252 3011 288 3074 ut
323 3012 443 3074 nostra
478 3006 636 3097 peccanti
671 3006 822 3073 feminae
850 3006 1104 3089 benevolentia,
1137 3008 1220 3097 quin

66 3265 70 3270 ’
129 3277 151 3328 1.
170 3276 212 3326 Sic
226 3277 289 3325 enim
304 3291 344 3324 vv.
358 3275 468 3334 atate
483 3275 605 3339 plerisque
621 3290 685 3324 nunc
695 3277 870 3339 interpretibus
880 3278 914 3341 (v.
929 3279 1057 3336 lonsicin,
1075 3276 1222 3336 Corruorou)

96 3348 279 3411 intelleguntur.
291 3348 344 3407 Qua
357 3352 437 3397 autem
452 3351 531 3396 mente
545 3347 608 3396 Dido
623 3348 647 3395 iu
663 3348 760 3408 lectum,
771 3349 794 3396 in
810 3363 858 3412 quo
868 3364 922 3397 eum
937 3351 1019 3405 Aenea
1035 3364 1132 3399 mensae
1147 3365 1220 3398 accu-

95 3422 191 3478 buerat,
201 3425 378 3482 prosternatur,
388 3419 488 3468 Ovinius
498 3419 551 3467 tuse
561 3433 589 3467 ac
600 3419 724 3469 liberrime
732 3420 847 3485 esplanat
860 3421 940 3483 (Her,
949 3436 974 3479 x,
986 3420 1015 3468 51
1027 3434 1090 3483 sqq.;
1099 3436 1143 3479 xv,
1153 3419 1218 3478 149).

128 3492 152 3543 2.
170 3491 220 3540 Nec
235 3490 358 3554 Vergilius
378 3491 438 3540 alibi
456 3491 565 3539 indicare
580 3491 669 3540 omittit
685 3491 774 3554 quibus
794 3492 887 3541 intenta
906 3492 1032 3541 laboribus
1055 3492 1127 3541 luerit
1145 3491 1218 3551 Dido,

96 3563 177 3628 quoad
193 3563 314 3614 duravere
328 3562 411 3612 felices
424 3563 500 3611 mutui
516 3563 586 3611 istius
601 3564 691 3612 amoris
706 3563 759 3613 dies
776 3564 827 3619 :cl
844 3563 884 3625 lV,
900 3563 947 3613 262
963 3578 1015 3627 sqq.
1034 3577 1039 3611 :

364 3697 475 3752 Tyrioque
487 3695 590 3751 (Aeneae)
603 3696 696 3739 ardebat
710 3697 794 3741 murice
808 3698 868 3740 laena

363 3759 463 3802 Demissa
476 3770 501 3800 ex
512 3758 619 3810 humeris,
632 3759 697 3801 dives
710 3761 766 3813 qu'aa
776 3771 869 3802 munera
883 3760 939 3801 Dido

168 3869 170 3872 ,
363 3821 462 3874 Fecerat,
478 3827 500 3864 et
516 3821 577 3864 tenui
591 3821 647 3864 telas
657 3821 795 3864 discreverat
807 3835 869 3865 auro.

128 3885 171 3944 xl,
185 3884 217 3934 tt
233 3899 238 3932 :

151 3990 153 3994 ,
363 3956 419 4000 Tum
431 3956 532 4011 geminas
546 3960 629 4009 vestes,
642 3961 704 3999 ostro
715 3969 813 4012 auroque
824 3957 922 4011 rigantes

363 4019 450 4062 Extulit
458 4019 552 4071 Aeneas,
560 4030 616 4073 quas
628 4018 661 4061 1111
674 4020 736 4063 laeta
745 4020 854 4062 laborum

363 4081 413 4136 lpse
426 4082 473 4124 suis
485 4081 597 4136 quondam
605 4081 708 4124 manibus
722 4080 812 4124 Sidonia
823 4081 880 4124 Dido

314 4167 318 4174 ·
362 4145 459 4196 Fecerat,
472 4148 514 4186 etc.

126 4269 151 4319 3.
169 4269 245 4329 Quam
260 4271 358 4334 quidem
372 4269 548 4331 neglegentiam
563 4283 592 4318 eo
608 4266 773 4333 magis'lector
788 4274 887 4333 stupere
902 4272 1035 4335 debetque
1050 4271 1127 4333 magis
1140 4270 1219 4319 inten-

96 4347 144 4391 tam
157 4343 232 4405 regiis
246 4343 363 4406 operibus
373 4341 425 4389 suis
440 4340 558 4389 Didonem
566 4341 689 4404 Vergilius
704 4357 779 4405 supra
789 4343 938 4392 ostenderat.
952 4342 999 4407 (cf.
1009 4342 1028 4401 1,
1040 4339 1151 4401 sonant
1161 4355 1217 4408 sqq.

13 4417 14 4420 ,
95 4412 163 4476 aa>
