2844 4928
225 333 288 398 158
693 356 866 403 concinno.

221 530 401 618 patiuntur
432 538 653 619 maestaeque
683 553 723 596 ac
752 537 866 596 mutae
892 529 1074 596 incedunt!
1103 525 1176 593 Nee
1209 531 1346 594 tantum

221 635 356 704 Molieri
374 636 483 702 nostri
503 635 660 703 Lucinda
679 659 700 703 a
719 636 910 722 vergiliana
928 635 1071 703 Lavinia
1089 633 1232 701 abest...

268 741 342 809 Sed¹
366 743 447 810 satis
476 742 519 809 de
548 743 614 826 his,
635 758 689 810 ‘ne
718 743 838 811 videar
855 743 984 809 invitus
1004 742 1156 832 poeticas
1176 763 1346 831 personas

222 849 443 917 subridiculis
480 851 778 941 soarronianisque
804 849 1152 918 commentationibus
1182 848 1344 931 illudere,

222 978 299 1023 cum
319 957 404 1022 nihil
423 956 517 1023 aliud
538 957 720 1025 ostendere
740 957 823 1023 mihi
845 959 888 1023 sit
911 979 1025 1040 mens,
1048 957 1114 1022 nisi
1136 955 1346 1046 plerumque

220 1063 283 1130 has
302 1065 496 1155 persimiles
516 1086 590 1132 esse
609 1066 651 1130 iis
674 1065 882 1154 quibuscum
901 1063 1090 1134 domestico
1107 1068 1148 1130 et
1171 1062 1346 1129 cotidiano

222 1173 428 1239 commercio
442 1193 687 1239 conversamur
698 1173 720 1239 ¹.

265 1364 421 1456 Denique
450 1372 611 1456 quartum
637 1368 724 1434 illud
754 1369 912 1458 personis
946 1391 966 1434 a
1002 1366 1157 1453 Vergilio
1187 1365 1347 1433 confictis

221 1475 386 1562 suppetit,
401 1474 629 1563 -siquidem
650 1498 708 1543 eas
719 1477 869 1564 nonjam
880 1475 1033 1561 singulas
1054 1473 1344 1556 consideraveris,

221 1579 282 1646 sed
301 1581 386 1647 alias
407 1602 486 1647 eum
504 1581 580 1648 aliis
600 1583 786 1687 contuleris
801 1605 808 1652 :
821 1583 1094 1648 -scilicetcum
1113 1580 1233 1670 plures
1255 1581 1347 1668 ejus-

221 1686 300 1753 dem
321 1709 420 1754 sexus
446 1693 480 1754 et
505 1688 716 1756 condicionis
735 1691 770 1756 in
791 1690 914 1757 eodem
936 1695 1095 1780 poemate
1115 1710 1185 1754 una
1204 1709 1348 1754 versen-

218 1799 287 1878 tur,
309 1796 490 1885 proprium
511 1802 627 1864 tamen
654 1799 778 1887 cuique
804 1798 936 1883 ingenii
964 1797 1097 1863 vultum
1125 1799 1159 1862 et
1188 1795 1345 1861 colorem

220 1924 306 1970 esse.
329 1902 449 1993 Neque
470 1903 677 1971 contendere
698 1906 810 1971 ausim
829 1904 923 1971 idem
949 1926 1058 1994 aeque
1085 1901 1152 1968 dici
1174 1923 1282 1992 posse
1303 1901 1346 1968 de

218 2009 259 2074 iis
280 2032 365 2099 quas
385 2011 585 2078 recentioris
605 2013 681 2077 aevi
701 2018 837 2101 poetae,
860 2013 931 2078 sive
950 2013 1085 2078 italicus
1106 2009 1247 2092 Tassus,
1271 2010 1344 2076 sive

219 2117 322 2182 etiam
352 2116 529 2186 Cornelius
548 2124 666 2184 noster
685 2142 858 2203 creavere,
876 2119 1045 2209 personis

263 2222 425 2308 Virgines
458 2230 573 2291 autem
604 2232 682 2293 sunt
709 2225 854 2292 Lavinia
881 2233 914 2294 et
950 2225 1050 2291 Anna
1087 2224 1141 2313 (ne
1174 2222 1343 2290 Camillae

219 2330 448 2419 meminerim)
475 2353 483 2400 :
524 2334 727 2422 quantulum
762 2356 843 2400 vero
873 2333 1060 2420 cognatael
1096 2330 1225 2397 Uxores
1258 2332 1344 2397 item

218 2438 340 2505 ambae
360 2436 489 2504 Creusa
515 2446 550 2506 et
572 2441 695 2507 Amata
724 2446 919 2530 :quantum
947 2441 1031 2506 haec
1057 2439 1102 2505 ab
1127 2438 1187 2503 1116
1210 2438 1339 2504 distat!

121 2616 123 2621 ,
216 2544 311 2611 Inter
340 2545 517 2613 Laviniam
547 2548 850 2615 tantummodo.et
879 2548 1044 2616 Creusam
1069 2545 1226 2612 nonnihil
1246 2567 1343 2612 corn-

217 2673 320 2726 mune
340 2654 492 2743 perspici
511 2677 613 2744 posse
634 2677 741 2746 supra
759 2657 886 2722 notavi.
917 2652 1010 2736 Quid
1028 2676 1111 2720 vero
1131 2652 1170 2735 si,
1192 2652 1343 2743 insuper

215 2758 281 2841 his,
304 2760 567 2828 Andromachae
587 2764 801 2829 nuncetiam
829 2769 862 2829 61
880 2761 1024 2828 Didonis
1045 2781 1228 2842 memores,
1247 2781 1341 2825 eme-

214 2867 342 2932 tiamur
360 2873 528 2957 quantum
547 2891 568 2935 a
587 2868 714 2936 Creusa
733 2869 926 2959 Amataque
942 2875 976 2934 61
992 2866 1126 2935 Didone
1140 2864 1339 2933 Androma-

215 2972 278 3039 cha
299 2972 444 3058 differat,
466 2983 697 3065 —quantum
727 2976 876 3066 denique
901 2975 945 3050 ab
970 2976 1024 3042 his
1044 2975 1204 3041 omnibus
1225 2972 1339 3040 Dido?

215 3078 392 3160 Quaenam
405 3083 496 3149 enim
508 3082 647 3150 illarum
659 3083 780 3150 eadem
801 3090 904 3173 atque
924 3084 1051 3173 punica
1070 3083 1190 3168 regina
1210 3082 1338 3147 sentit?

215 3186 356 3254 Cuinam
375 3211 444 3255 non
464 3191 601 3274 mirum,
631 3195 882 3280 portentosum,
908 3192 1014 3256 immo
1039 3190 1133 3255 nefas
1157 3187 1338 3254 videretur

215 3317 290 3362 esse
311 3318 407 3362 amor
425 3297 484 3363 ille
504 3297 658 3379 Didonis,
680 3321 721 3364 ea
740 3321 809 3388 qua
829 3307 880 3365 est
899 3297 1137 3364 vehementia?
1154 3295 1336 3377 Quaenam

212 3401 416 3488 intellegere
432 3425 507 3469 eam
521 3411 639 3494 posset
655 3412 689 3471 et
711 3411 824 3471 mente
845 3405 1006 3494 assequi?
1026 3402 1160 3493 Quippe
1181 3402 1281 3490 cujus
1302 3409 1336 3469 et

214 3514 289 3574 acta
309 3516 343 3575 et
361 3509 453 3576 dicta
472 3512 611 3577 mulieri
635 3514 855 3603 antiquorum
870 3519 1066 3601 temporum
1086 3511 1225 3576 minime
1253 3534 1335 3577 con-

211 3616 368 3699 veniant,
408 3618 468 3684 sed
499 3640 611 3685 mores
649 3626 683 3685 61
715 3619 867 3685 adlectus
899 3625 934 3685 et
964 3619 1187 3706 cogitationes
1222 3618 1332 3685 multo

212 3725 412 3790 recentioris
432 3727 554 3792 aetatis
572 3727 644 3792 lere
663 3749 800 3816 semper
819 3733 853 3792 et
871 3726 1000 3816 ubique
1017 3725 1205 3791 redoleant.

255 3829 382 3897 Omnes
410 3834 516 3918 igitur
540 3857 625 3924 quas
651 3834 826 3921 Vergilius
851 3833 981 3900 effinxit
1000 3832 1164 3898 mulieres
1183 3833 1231 3898 ita
1250 3833 1332 3902 insi·

208 3938 304 4024 gnita
335 3945 368 4005 et
389 3940 557 4028 peculiari
582 3941 850 4008 conformatione
878 3941 1088 4027 excogitatae
1107 3941 1263 4023 fuerunt,
1293 3946 1331 4007 ut

239 4134 262 4185 l.
278 4134 414 4197 Vergilium
428 4149 458 4183 61
473 4136 609 4198 aequalium
625 4149 721 4185 suorum
738 4136 898 4184 similitudine
920 4148 1037 4197 personas
1053 4148 1110 4181 suas
1125 4133 1250 4182 effinxisse
1265 4147 1330 4182 non·

107 4209 114 4228 ·
206 4206 268 4253 nulli
295 4207 457 4266 contendere,
479 4208 556 4255 nullis
577 4212 656 4256 tamen
679 4209 829 4271 argumentis
853 4207 912 4255 illud
936 4207 1072 4255 fulcientes.
1098 4205 1125 4252 V.
1149 4206 1327 4266 llouuswonra,

206 4292 246 4338 op.
263 4278 315 4334 cit,
332 4292 356 4339 p.
370 4276 494 4338 ese-29&
511 4281 680 4329 erranaiau
696 4280 759 4340 apud
784 4280 940 4338 Pressuram,
956 4279 979 4325 in
993 4281 1065 4334 Aen,
1082 4277 1120 4335 lV,
1138 4275 1199 4336 1933
1219 4277 1327 4335 Durior,

206 4348 359 4468 Hiqtqqqeg
369 4363 464 4398 roman
486 4350 637 4399 Literalure
656 4351 752 4414 duriny
769 4350 811 4399 1116
828 4354 965 4410 oupustuu
983 4364 1040 4414 ape,
1059 4350 1111 4407 ld,
1133 4349 1201 4407 1828,
1219 4350 1267 4398 vol.
1287 4351 1326 4411 lll,

207 4434 232 4481 p.
295 4447 305 4454 -
323 4435 338 4466 a
356 4458 361 4470 .
