2844 4928
225 346 254 389 lV
681 349 875 395 PROOEMIUM.

223 543 262 586 ac
291 520 424 587 doctior
441 521 528 610 ipse,
560 523 704 611 ejusque
728 545 853 612 poema
876 524 1067 591 eruditione
1092 524 1343 591 redundantius

223 628 501 694 demonstratur?
518 629 634 709 Periit,
658 629 772 712 credo,
795 636 854 696 aut
870 631 1015 718 jamjam
1032 633 1186 720 peritura
1201 638 1251 698 est
1265 632 1340 714 illa,

224 733 398 821 Scaligero
418 740 550 801 tantum
575 735 759 819 celebrata,
784 764 800 798 «
822 737 1022 823 Vergiliana
1042 738 1221 805 divinitas¹
1246 768 1275 819 a,
1298 779 1343 787 -

200 842 323 930 ¹inque
351 843 464 908 locum
489 844 599 909 eversi
624 843 818 933 dilapsique
843 844 916 925 Dei,
942 847 1058 911 nescio
1083 847 1160 934 quis
1187 846 1343 912 succedit

219 949 639 1040 diligentiae-pertinacis,
667 951 788 1017 beatae
814 954 999 1018 memoriae
1024 953 1237 1042 callidaeque
1258 955 1341 1019 artis

217 1056 357 1138 h01n0²‚
379 1059 454 1146 qui,
482 1059 632 1125 excussis
658 1081 818 1125 recensa
846 1059 984 1143 chartis,
1017 1081 1163 1149 operosa
1187 1062 1342 1126 carmina

217 1164 266 1229 ita
294 1156 528 1252 confingebat,
560 1155 598 1231 ut
621 1165 666 1231 ad
693 1166 971 1233 hexametrorum
994 1168 1141 1234 formam
1165 1167 1341 1253 redigeret

219 1293 258 1337 ea
273 1294 361 1361 quae
375 1273 484 1338 multo
501 1271 626 1339 sudore
641 1272 830 1357 didicisset,
852 1296 922 1340 non
939 1296 977 1341 ea
997 1298 1087 1363 quae
1103 1274 1238 1341 afflatus
1257 1297 1339 1342 vere
1392 1281 1396 1287 '

216 1381 352 1468 poetico
373 1381 494 1469 spiritu
514 1380 712 1446 invenisset.

259 1486 353 1553 llaec
369 1492 421 1552 est
436 1509 539 1554 causa
559 1510 619 1553 cur
638 1509 735 1554 mens
752 1489 835 1554 mihi
850 1489 953 1555 luerit
967 1489 1141 1578 inquirere
1157 1512 1199 1555 an
1217 1511 1339 1555 revera

215 1598 347 1659 tantum
373 1594 580 1666 labefactata
607 1598 640 1660 ct
669 1617 708 1661 ex
734 1617 775 1660 ca
802 1597 901 1684 quasi
923 1596 1127 1685 probatione
1157 1596 1340 1662 imminuta

216 1702 364 1767 evaserit
389 1700 450 1768 illa
473 1700 631 1788 Vergilii,
663 1742 705 1751 —
736 1703 853 1792 (quam
881 1725 966 1793 pace
999 1704 1214 1792 asperiorum
1238 1703 1337 1769 latini

215 1809 384 1875 sermonis
414 1809 673 1875 aestimatorum
702 1810 961 1900 appellaverim)
996 1850 1040 1859 —
1067 1809 1115 1876 vis
1153 1809 1333 1875 tricennia.

215 1914 316 1994 Quod
340 1920 454 1983 autem
477 1916 609 2004 liquere
635 1917 775 2005 poterit,
798 1917 827 1982 si
851 1939 890 1983 ea
914 1918 1001 1983 ratio
1028 1917 1211 2003 diligenter
1234 1917 1339 1982 fuerit

212 2045 387 2112 perpensa
406 2046 475 2111 qua
494 2023 669 2110 Vergilius
689 2029 806 2090 utatur
829 2026 863 2089 in
891 2024 1088 2110 effingenda
1115 2025 1229 2090 indole
1249 2047 1337 2091 non-

214 2130 387 2196 nullarum
407 2152 633 2220 personarum
653 2152 738 2220 quas
758 2132 793 2196 in
813 2153 938 2220 poema
958 2153 1057 2197 suum
1077 2130 1261 2197 induxerit.

246 2325 267 2374 l.
289 2325 324 2376 Ct.
342 2325 527 2387 Suara-Bauvs,
543 2311 630 2375 diade
645 2340 694 2374 sur
711 2326 816 2388 Virpile,
830 2341 854 2388 p.
871 2325 917 2374 320
932 2331 955 2374 et
971 2325 1025 2376 338.

244 2398 267 2446 2.
287 2397 323 2446 m.
340 2398 451 2456 ars-usa
468 2397 581 2447 OEirores
595 2398 626 2446 de
645 2397 749 2461 Virpile,
766 2403 791 2451 2⁰
807 2398 859 2455 e'd„
878 2413 904 2460 p,
921 2399 976 2458 cxv)
993 2413 999 2447 ε
1016 2418 1027 2442 «
1049 2395 1147 2461 Virpile
1166 2396 1303 2459 possiduit
1320 2400 1336 2445 d

212 2469 280 2533 fond
295 2467 318 2517 le
333 2469 427 2518 double
444 2472 526 2517 tresor
539 2469 583 2518 des
597 2470 743 2533 antiquitas
757 2483 879 2533 precqnes
894 2472 919 2517 et
935 2469 1038 2518 latinas.
1059 2470 1131 2517 Duris
1146 2483 1192 2517 son
1208 2483 1303 2526 cariore,
1315 2469 1337 2516 il

213 2556 230 2590 α
244 2541 294 2590 inis
311 2540 530 2599 drontrilruiion,
546 2556 606 2590 ucec
626 2541 731 2589 I’ltiade
746 2544 771 2589 et
791 2539 932 2604 l‘Odysse'e,
954 2539 991 2589 les
1009 2541 1099 2604 poetes
1119 2540 1257 2604 cpclr'qaes,
1274 2540 1338 2588 Sto-

212 2615 293 2672 sinus,
312 2613 427 2662 l’uutenr
440 2613 485 2660 des
501 2612 601 2661 Cleonis
615 2613 742 2676 cypriana,
763 2613 895 2670 Arctinns,
911 2613 957 2676 qni
972 2626 989 2661 α
1010 2614 1075 2661 ecrit
1096 2611 1253 2674 l'Etlu'opide
1268 2621 1294 2659 et
1308 2611 1336 2660 lu

212 2686 285 2734 Prisc
300 2684 403 2742 d'llion‚
420 2685 501 2748 Apios
516 2685 548 2733 de
565 2683 673 2733 Trizerw
687 2683 785 2748 nzrqrrel
799 2699 835 2732 on
850 2685 905 2732 doit
921 2683 958 2732 les
970 2685 1086 2740 Retonrs,
1103 2684 1172 2747 enfin
1190 2683 1295 2732 Lesches
1310 2686 1335 2731 et

212 2771 241 2805 so
256 2758 340 2806 Petite
355 2756 448 2805 iliade.
470 2755 493 2803 ll
512 2770 529 2804 a
550 2758 690 2818 ernprnnte
707 2755 752 2804 des
771 2756 999 2820 renseipnements,
1019 2754 1065 2803 des
1086 2754 1193 2812 details,
1209 2755 1254 2802 des
1276 2755 1335 2818 e'pi-

212 2829 284 2877 sodes
308 2829 417 2885 entiers,
444 2841 499 2876 ααα
522 2827 620 2892 ρνααάε
649 2827 783 2890 tropiqnes
805 2840 885 2891 precs,
911 2840 966 2875 nur
987 2825 1116 2890 tyriques,
1146 2841 1201 2875 uua
1230 2827 1337 2889 epiqurs

213 2898 395 2948 alexandrias.
415 2899 453 2946 On
469 2912 484 2946 α
497 2913 536 2962 pn
551 2900 683 2946 constater
699 2896 766 2961 qu’il
780 2912 797 2946 a
808 2897 915 2960 prisea
931 2899 975 2946 des
988 2912 1091 2946 sources
1109 2913 1147 2945 αα
1166 2897 1250 2945 moins
1265 2898 1336 2945 arisai

212 2970 373 3020 abondantes
387 2973 414 3018 et
428 2971 501 3019 aussi
515 2972 639 3018 sonantes
653 2983 704 3034 que
719 2967 827 3017 l'erndit
839 2970 925 3032 Denps
940 2968 1164 3018 d'Holicornasse.
1181 2968 1292 3017 Soricrnt
1302 2983 1336 3016 on

212 3045 332 3090 retronce
346 3041 407 3091 che:
423 3040 462 3090 tui
478 3040 505 3090 lo
522 3045 593 3090 truce
608 3042 653 3089 des
669 3039 808 3089 traditions
823 3040 966 3089 recueillics
980 3055 1031 3104 ραν
1047 3041 1142 3098 Coton,
1151 3054 1205 3103 ραν
1224 3040 1334 3096 Varron,

207 3128 259 3176 ραν
276 3113 312 3161 les
328 3113 467 3162 historiens
481 3116 506 3161 et
522 3113 558 3161 les
572 3113 739 3176 untiqriuires
753 3111 786 3161 de
801 3114 888 3174 Rome,
897 3112 1026 3161 emtellies
1043 3115 1067 3159 et
1083 3112 1270 3172 transformaris
1282 3126 1336 3174 ραν

212 3184 249 3234 tes
263 3185 369 3233 ariciens
382 3185 471 3247 po‘etes
486 3183 517 3232 de
535 3183 562 3232 lo
577 3183 748 3248 ltepudliqne,
765 3183 801 3232 les
817 3184 921 3242 Nerius,
937 3182 974 3232 les
989 3183 1089 3231 Ennius
1103 3186 1128 3230 et
1144 3180 1214 3231 leurs
1229 3182 1333 3233 anaides

212 3255 289 3306 Selon
313 3254 439 3316 Niebuhr,
454 3255 476 3304 il
496 3271 512 3304 u
532 3257 635 3304 montre'
657 3270 709 3304 rane
730 3255 827 3304 sciense
845 3255 909 3303 dont
928 3270 963 3304 un
985 3254 1112 3303 historien
1132 3269 1159 3302 se
1177 3254 1222 3316 frit
1246 3257 1339 3302 trouve

207 3341 322 3390 presque
342 3327 495 3390 sarciturpe,
512 3330 537 3375 et
561 3328 630 3375 dans
652 3319 777 3383 l'd'ncide,
799 3341 834 3375 an
859 3327 987 3374 historica
1011 3329 1132 3374 tronoerc
1150 3340 1210 3374 sons
1229 3340 1297 3374 cesse
1318 3329 1334 3374 α

212 3396 330 3448 admirer
343 3401 369 3447 et
384 3401 400 3446 d
416 3397 541 3461 defrcper
560 3398 604 3446 des
625 3396 714 3446 atrides
731 3396 893 3462 prolonpe‘es,
913 3400 961 3445 etc.
983 3415 995 3440 »
1017 3424 1046 3433 -
1069 3396 1139 3454 llno,
1158 3396 1194 3444 Lo
1217 3395 1334 3459 Lependc

212 3461 308 3518 d'lince
323 3470 415 3530 (ltnvua
425 3485 453 3516 oa
467 3469 556 3518 c'llisr.
571 3484 612 3516 nas
628 3469 762 3527 Rucioioss,
775 3473 791 3516 t.
802 3467 842 3527 Vl,
858 3483 883 3530 p.
894 3467 1010 3530 all-312)
1026 3483 1031 3517 :
1049 3486 1060 3512 «
1122 3469 1212 3516 Toutes
1228 3467 1264 3515 les
1279 3471 1335 3515 tro-

212 3541 311 3589 ditions
325 3541 463 3589 ariciennes
479 3554 529 3604 que
544 3554 610 3589 nous
624 3553 703 3589 acoris
718 3539 874 3598 examinces,
890 3538 988 3605 Virpile
1004 3539 1041 3588 les
1060 3554 1077 3586 a
1095 3540 1208 3602 fondues
1228 3538 1335 3586 dormo-

211 3614 372 3663 nieusernent
395 3612 463 3661 doris
487 3628 522 3661 un
544 3613 634 3676 pocrne
660 3615 693 3659 otc
716 3612 743 3660 lo
766 3613 894 3674 puriorete'
915 3611 947 3660 de
973 3610 1000 3659 la
1023 3611 1133 3659 rnntiere
1157 3612 1210 3674 soit
1231 3611 1335 3659 estirncr

212 3687 360 3748 docuntape
380 3686 404 3732 le
426 3685 518 3732 merite
537 3682 733 3747 incornpnruble
753 3684 785 3731 de
805 3683 955 3733 l'oavrier...
971 3682 1094 3740 Naeuius,
1109 3683 1219 3742 Ennius,
1241 3681 1334 3739 Coton,
1400 3702 1405 3709 ·

216 3757 325 3814 Varron,
343 3759 401 3804 toas
416 3755 453 3805 les
467 3755 614 3804 annolisirs
629 3755 660 3803 de
676 3753 741 3817 t'dpe
752 3755 900 3823 precedent,
916 3757 975 3802 tons
990 3753 1026 3801 ίαν
1039 3754 1127 3816 poetes
1142 3756 1187 3801 ont
1201 3756 1243 3802 ete
1257 3754 1335 3801 nn'sd

210 3826 386 3876 contribulans
403 3842 471 3890 ponr
491 3826 517 3874 lc
537 3827 706 3888 composition
728 3826 761 3874 de
781 3824 907 3883 l'Eneide,
929 3828 954 3873 et
970 3825 1026 3872 celo
1047 3840 1107 3874 naec
1127 3841 1161 3873 nn
1181 3827 1244 3887 posit
1254 3823 1335 3887 jndi-

211 3900 297 3956 cieur,
312 3913 364 3948 nne
383 3900 480 3947 sciense
492 3897 633 3961 profunde,
651 3912 686 3944 nn
706 3897 779 3945 sorici
799 3899 920 3945 constant
934 3895 966 3945 de
981 3895 1007 3944 ln
1029 3896 1138 3945 couleur
1156 3897 1333 3958 historicae...

212 3972 272 4018 Aria
285 3971 505 4035 renseipnements
523 3969 627 4031 fonrnis
642 3983 696 4032 ραν
716 3968 753 4016 les
771 3966 953 4032 orcheolopucs
972 3968 1004 4015 de
1020 3968 1169 4030 profession
1191 3966 1334 4030 s’ojoutent

213 4041 249 4091 les
269 4043 381 4091 dorcades
401 4042 432 4090 de
452 4040 480 4089 lc
498 4041 640 4104 elnoniqne
660 4039 753 4091 locale.
773 4038 869 4104 Virpilc
886 4053 902 4087 α
918 4041 1025 4102 penetra
1044 4039 1078 4087 les
1096 4042 1191 4087 secrcis
1211 4038 1256 4086 des
1272 4038 1335 4101 plns

212 4112 361 4163 verrerodlrs
374 4112 547 4171 sonctncires,
562 4111 694 4175 de'poaille
708 4111 744 4160 les
759 4110 875 4160 uredines
890 4109 925 4158 du
940 4110 1090 4173 Pontificot,
1106 4113 1195 4159 scrute
1209 4110 1243 4158 les
1258 4109 1335 4159 tiores

211 4185 342 4250 sybillins,
358 4184 478 4234 consrdtd
491 4183 528 4232 irs
542 4184 694 4232 documenta
712 4185 801 4232 socre's
815 4197 861 4230 sar
876 4179 901 4230 lu
921 4181 1063 4242 fondaticn
1077 4181 1122 4230 des
1141 4180 1222 4237 villos,
1238 4181 1338 4245 plonpc'

213 4273 272 4307 nnec
287 4259 311 4306 le
325 4257 421 4320 reperii
434 4255 472 4304 du
484 4257 561 4319 poete
575 4257 600 4303 et
615 4254 682 4304 celici
698 4255 730 4304 de
745 4253 915 4317 l'aatiquaire
930 4254 998 4302 doris
1014 4251 1050 4301 tes
1065 4251 1180 4301 tenebras
1199 4255 1245 4317 qui
1259 4267 1334 4302 enoe-

213 4329 321 4394 loppent
335 4329 371 4377 les
384 4329 542 4393 rniprations
554 4327 699 4390 primitivas
707 4325 752 4375 des
759 4325 875 4389 periples,
893 4324 1012 4388 Foripine
1027 4325 1070 4373 des
1082 4325 1195 4387 prandes
1206 4325 1332 4388 funditas,

213 4402 249 4453 les
264 4400 497 4465 transforrnutions
511 4398 618 4449 sociales
632 4401 657 4448 et
672 4396 855 4447 l'c'loliorotion
870 4397 914 4446 des
928 4409 1066 4460 croyonces
1083 4395 1241 4462 relipienses.
1258 4416 1270 4442 n
