2844 4928
632 309 707 353 Palis
733 310 834 352 ultien.

345 481 519 544 locataeque
537 489 602 531 tara.
617 482 750 546 ‹tisitqno
766 481 927 532 norissnna
943 479 1060 531 verba...

394 554 484 617 Dixit,
501 559 531 604 et
546 569 574 603 aa·
586 555 718 618 &repressa
732 554 837 604 torol...

174 732 421 800 Verumtamen
450 732 553 799 illa«
583 754 682 799 curas
705 760 721 795 »
742 730 844 801 simul
872 727 1086 811 recordatur,
1109 727 1238 818 quibus
1265 733 1294 795 et

171 840 327 921 ineunte,
352 844 386 906 et
404 845 584 929 pergente,
606 844 641 906 et
661 844 805 905 exeunte
825 860 941 904 amore
970 837 1049 918 isto,
1073 840 1199 902 vexata
1217 834 1291 918 fuit,

173 968 283 1036 eoque
303 946 416 1012 miuus
436 945 611 1012 desiderat
631 946 792 1012 amissam
815 944 1025 1024 felicitatem,
1049 963 1155 1032 quarn
1185 945 1236 1008 tot
1262 946 1293 1008 et

172 1055 276 1119 tantis
296 1053 542 1120 acerbitatibus
567 1053 785 1121 commixtam
808 1057 842 1118 et
862 1051 961 1141 quasi
985 1048 1218 1116 adulteratam
1239 1071 1294 1114 ex-

171 1165 271 1250 perta
290 1160 334 1227 sit
355 1182 363 1229 :

339 1363 472 1430 Accipite
484 1363 562 1419 hanc
576 1363 718 1428 animam,
732 1379 823 1430 meque
838 1362 881 1412 tris
892 1361 1019 1412 exsolvite
1033 1365 1117 1412 car-is.
1188 1382 1189 1386 ¹

170 1542 344 1611 Hactenus
361 1564 444 1610 sane
464 1543 549 1609 vivit
570 1564 666 1610 amor
688 1565 696 1612 z
718 1543 766 1609 ita
785 1565 867 1609 vero
889 1542 973 1608 vivit
988 1545 1026 1606 ut
1043 1562 1122 1606 eum
1142 1538 1294 1629 quadam

170 1651 325 1717 satietate
345 1651 435 1717 vitae
452 1651 508 1717 vel
526 1671 631 1737 aegra
648 1649 799 1741 quadam
817 1648 1020 1715 lassitudine
1040 1647 1169 1713 animi²
1193 1645 1293 1714 valde

169 1756 389 1823 imminutum
407 1758 592 1847 perspicuo
611 1757 865 1843 intellegamus,

213 1864 377 1931 Adfectus
397 1865 504 1950 igitur
522 1865 614 1946 illos,
637 1864 763 1953 quibus
783 1864 950 1929 acerrime
975 1861 1220 1928 conturbatam
1238 1861 1294 1928 Di·

169 1970 293 2038 donem
314 1972 410 2061 prius
429 1972 645 2054 monstravit,
662 1993 730 2037 non
755 1970 927 2037 commisit
943 1974 1045 2059 poeta
1063 1973 1102 2034 ut
1115 1974 1293 2058 postremo

200 2202 223 2253 1.
243 2201 283 2263 lV,
298 2201 353 2250 659.
371 2201 474 2251 Saavros
491 2202 612 2264 duplicem
627 2202 850 2251 horumverborum
866 2201 1061 2264 explanationem
1072 2200 1175 2262 profert,
1192 2213 1293 2263 quarum

167 2275 238 2322 istam
250 2275 347 2336 probo:
363 2293 375 2318 «
437 2273 553 2336 applicito
566 2288 608 2322 ore
624 2274 654 2322 ad
671 2273 825 2335 lectulum...
843 2273 912 2336 quasi
929 2272 1042 2329 amatrix,
1055 2275 1081 2320 ut
1095 2271 1130 2333 (v.
1146 2271 1207 2334 82);
1222 2274 1293 2319 stru·

168 2346 255 2410 iisque
269 2343 370 2394 relictis
385 2346 506 2396 Incubet.
523 2363 535 2389 »
547 2371 579 2382 -
596 2345 674 2393 Onon
691 2349 772 2395 autem
785 2344 921 2392 imitatione
935 2343 1016 2408 (Hert,
1032 2341 1063 2403 X,
1079 2342 1108 2390 51
1124 2341 1193 2406 sqq.)
1210 2356 1240 2391 ea
1254 2343 1293 2407 iu·

167 2416 319 2480 terpretatio,
335 2430 408 2478 quarn
422 2416 616 2478 anteponendam
631 2430 729 2475 censeo,
746 2416 914 2466 confirmatur.

196 2486 220 2535 2.
235 2485 311 2546 Aea„
323 2485 363 2545 tv,
378 2486 425 2536 325
438 2501 444 2534 :
457 2506 469 2531 a
483 2485 548 2544 Quid
564 2489 660 2535 moror?
673 2505 686 2530 1
699 2487 870 2549 (Paestanum
886 2486 914 2534 in
926 2485 975 2555 bae
988 2487 1076 2544 terra,
1087 2484 1104 2535 i.
1119 2499 1141 2533 e.
1154 2485 1182 2532 in
1193 2483 1291 2543 Atticm

167 2584 199 2595 -
211 2557 341 2621 largiorem
353 2571 399 2620 ego
413 2572 512 2606 sensum
528 2572 534 2605 :
550 2558 579 2606 in
596 2557 645 2606 huc
660 2559 723 2616 vitu,
740 2557 778 2606 vel
798 2556 864 2621 quid
877 2572 963 2606 moror
975 2555 1039 2605 initi
1057 2557 1117 2620 ipsa
1136 2569 1237 2604 manua
1254 2555 1292 2603 in-

166 2631 246 2694 ferre,
262 2644 316 2678 eum
330 2628 451 2687 Wiener,
469 2628 614 2688 Centauros,
637 2628 745 2686 Benorsr,
767 2629 873 2685 Kieros,
897 2629 1025 2689 Fonaroaa,
1045 2626 1291 2685 Laoawro-Scunrsa,

167 2701 291 2764 praeler03
306 2726 337 2736 -
349 2699 390 2760 IV,
406 2699 450 2748 151
468 2714 474 2747 :
496 2719 507 2744 a
524 2700 625 2748 Mortem
638 2705 704 2760 orat;
718 2701 799 2748 taedet
816 2699 877 2748 caeli
893 2713 1002 2748 convexa
1022 2700 1084 2747 tueri
1097 2718 1108 2742 »
1126 2713 1132 2746 :
1148 2699 1192 2760 qui
1206 2711 1292 2747 versus

148 2770 346 2832 ,intellegendus
361 2775 398 2818 est
412 2771 482 2833 quasi
504 2771 525 2818 si
547 2770 609 2818 Dido
624 2770 696 2818 Morti
711 2775 825 2832 precetur
840 2775 866 2818 ut
880 2770 1006 2829 adveniat;
1022 2770 1053 2819 el.
1070 2768 1191 2831 ertna,
1207 2767 1291 2826 erat,

167 2839 427 2905 p.129ethtrnn1uo
445 2841 462 2892 i.
481 2840 506 2891 h.
521 2855 561 2898 v.,
577 2845 595 2889 t.
612 2839 645 2903 ll,
661 2855 686 2903 p.
702 2842 758 2902 1111);
778 2867 809 2877 -
832 2840 877 2900 lV,
897 2839 944 2888 692
962 2855 968 2887 ε
984 2859 995 2884 a
1015 2839 1141 2898 Quaesivit
1164 2840 1235 2888 coelo
1255 2840 1292 2887 lu-

168 2926 249 2963 cem...
268 2930 280 2956 »
294 2937 324 2948 -
339 2910 375 2962 Ci.
393 2927 480 2974 supra,
497 2927 521 2974 p.
536 2911 611 2959 51-52
629 2926 682 2960 cum
698 2912 771 2960 notia.
787 2938 819 2947 -
834 2911 868 2960 Cl.
886 2926 982 2974 quoque
996 2910 1037 2968 IV,
1055 2909 1120 2959 5¹19:
1140 2930 1152 2954 «
1169 2911 1219 2968 his,
1236 2924 1292 2974 ger-

166 2998 246 3041 mana,
257 2980 334 3032 molis
347 2998 479 3043 oneras...;
497 3002 509 3027 a
520 3003 532 3027 a
546 2982 612 3032 tales
630 2997 674 3031 nec
689 2988 789 3046 tangere
803 2997 881 3032 curos
893 2998 925 3030 1.·
941 2983 1082 3040 sortiretur
1096 2983 1194 3044 opinor,
1212 2982 1290 3030 omnia

167 3054 239 3104 mata
253 3069 385 3117 omnesque
395 3056 478 3103 animi
488 3053 601 3113 dolores,
613 3069 675 3117 quae
686 3058 742 3102 sunt
757 3054 904 3117 istiusmodi,
915 3069 1001 3116 nempe
1011 3066 1073 3116 quae
1088 3054 1164 3101 amori
1178 3054 1291 3102 comitari

169 3129 255 3186 poetae
270 3137 366 3187 semper
379 3125 507 3173 tinxerunt.
522 3125 587 3173 Felix
601 3139 659 3173 sane
674 3125 737 3174 Dido
751 3125 796 3172 tuit
807 3139 901 3183 amaus,
915 3139 964 3173 non
978 3129 1059 3173 tamen
1070 3137 1157 3172 secura
1170 3124 1225 3186 ejus
1239 3125 1291 3172 leli·

168 3196 230 3244 eitas
246 3196 338 3258 11111111.
354 3195 481 3256 aee-298).
500 3196 562 3244 Male
577 3196 715 3244 Cosrnoron
734 3196 812 3244 etalii
830 3215 842 3239 a
858 3196 919 3244 tales
938 3210 982 3244 nec
996 3201 1096 3258 tangere
1110 3207 1182 3243 curas
1200 3214 1212 3239 a
1228 3195 1292 3243 idern

168 3265 219 3316 fere
233 3267 315 3315 valere
333 3267 416 3315 volunt
432 3281 460 3315 ac
476 3286 487 3311 «
504 3267 557 3315 siue
574 3268 675 3316 crimine
691 3286 718 3329 a,
734 3267 800 3315 velut
815 3267 835 3314 si
851 3268 961 3330 eulpam,
976 3281 1039 3330 quae
1054 3265 1129 3314 amori
1145 3280 1190 3314 suo
1210 3267 1294 3316 inesse

168 3338 284 3401 potuerit,
299 3336 363 3385 Dido
376 3337 421 3385 hoc
436 3338 460 3385 in
474 3338 528 3386 loeo
541 3338 672 3400 significet.

200 3408 252 3457 Non
270 3411 349 3455 tamen
364 3407 395 3456 de
416 3408 446 3455 iis
467 3421 529 3471 quae
550 3409 627 3456 amori
646 3410 716 3472 quasi
733 3422 857 3458 connexae
878 3408 978 3458 haerere
999 3413 1116 3473 putantur
1132 3408 1207 3458 curis
1221 3409 1295 3473 plane

170 3479 234 3527 idem
249 3479 322 3527 sentit
339 3478 402 3527 Dido
419 3483 490 3541 atque
511 3481 624 3542 antiquae
650 3480 774 3530 heroides.
794 3480 903 3544 Namque
925 3480 1020 3540 Medea,
1037 3481 1101 3529 sicut
1117 3486 1142 3528 et
1156 3479 1294 3541 Simaetha,

169 3564 275 3599 amorem
290 3550 400 3598 morbum
415 3555 596 3600 esseceuseta
614 3551 695 3599 saevis
714 3551 919 3600 Diisimmissum
944 3552 984 3615 (de
1008 3567 1056 3615 qno
1073 3567 1097 3602 v.
1122 3553 1186 3600 inter
1204 3553 1295 3602 multos

169 3621 231 3670 alios
248 3620 437 3680 Sarma-Bausta,
455 3620 545 3672 Portr.
568 3624 647 3679 cont,
670 3627 687 3670 t.
704 3622 733 3677 V.
756 3636 781 3684 p.
801 3621 866 3683 386).
889 3623 953 3671 Dido
973 3637 1031 3671 vero
1055 3628 1105 3671 tum
1120 3621 1219 3671 demum
1241 3636 1296 3672 curu

171 3692 290 3740 moritura
303 3696 342 3740 est
353 3693 472 3741 exclamat
487 3691 605 3755 (Medeam
619 3692 753 3756 Euripidis,
768 3707 792 3740 v.
811 3691 866 3754 193,
882 3693 1019 3758 Catullique
1037 3693 1180 3754 Ariadnam,
1195 3707 1222 3745 v.
1238 3693 1296 3744 itl-

171 3761 216 3812 116
231 3762 340 3826 secutal·
382 3824 455 3869 Felix,
469 3825 524 3869 heu,
539 3826 632 3869 nimium
643 3826 696 3870 senx
709 3827 728 3869 si
739 3826 803 3869 litora
817 3832 904 3869 tantum

383 3901 497 3944 nunquam
507 3889 631 3932 Dardaniae
645 3890 772 3945 tetigissent
782 3895 858 3932 nostra
871 3890 959 3932 carinae
970 3890 1015 3942 (IV,
1023 3890 1128 3943 667658).

169 3994 250 4056 Atque
264 3992 302 4041 vel
318 3992 364 4042 hoc
379 3995 403 4042 in
418 3995 471 4043 loco
487 4000 590 4044 testatur
603 4010 674 4059 quarn
687 3995 718 4044 sit
732 3996 805 4044 menti
820 4010 878 4044 suae
888 3996 989 4059 placens
999 3996 1071 4045 etiam
1086 4001 1146 4059 tum,
1157 3996 1207 4044 nisi
1221 3997 1297 4046 amati

170 4065 226 4124 viri,
242 4065 326 4114 saltem
339 4067 429 4115 amoris
444 4067 579 4116 memoria:

381 4180 463 4224 Dulce·
478 4181 571 4225 exuviae
583 4180 637 4225 dum
647 4181 690 4227 lata
702 4181 804 4238 deusque
814 4181 902 4226 sinebat
913 4183 959 4240 (tv,
972 4179 1029 4239 651),

170 4284 259 4349 quibus
273 4283 357 4334 verbis
369 4286 491 4350 significat
514 4302 540 4337 se
562 4288 630 4351 quasi
646 4288 743 4337 donum
757 4286 800 4338 dei
814 4289 879 4338 huuc
891 4304 1011 4351 amorem,
1031 4290 1077 4338 etsi
1096 4292 1145 4338 tam
1160 4289 1297 4341 infeliciter

171 4356 281 4417 desierit,
296 4357 445 4408 existimare.
