2844 4928
454 415 457 418 Ι
526 364 529 369 »
573 343 848 404 emorrannum.
1083 322 1085 327 ’
1230 321 1276 406 59

148 517 279 608 speret)
300 556 344 567 -
362 524 442 608 post
459 523 531 586 tarn
550 519 656 587 breve
676 520 934 587 matrimonium
955 523 988 585 et
1006 518 1062 608 rix
1080 517 1272 607 praelibata

146 625 302 692 inchoati
322 627 448 694 amoris
468 628 613 713 gaudia,
633 627 720 694 nihil
739 628 806 694 sibi
830 627 979 717 amplius
1004 648 1185 715 superesse
1210 649 1274 717 op-

146 733 321 799 tandum?

197 869 213 902 u
240 841 424 931 Culpam»
447 841 595 933 denique
615 843 793 933 appellare
816 865 885 909 non
910 841 1045 908 dubitat
1069 863 1170 908 suum
1191 863 1275 928 erga

147 949 304 1016 Aeneam
327 949 490 1033 studium,
514 973 593 1017 cum
613 952 644 1017 ei
663 950 815 1021 studium
835 950 924 1017 illud
943 976 960 1011 (ι
975 950 1116 1016 ‘caritati
1138 955 1173 1015 et
1191 948 1274 1015 fidei
1368 974 1371 979 ·
1391 981 1393 991 r

148 1077 241 1142 erga«
267 1056 454 1144 conjugem
481 1057 680 1125 defunctum
719 1058 896 1124 adversari
928 1057 1107 1126 videatur¹
1140 1079 1180 1140 »3
1212 1055 1276 1124 sed
1377 1088 1379 1101 ¹

148 1163 254 1252 paulo
270 1170 349 1254 post
369 1191 385 1226 «
407 1186 630 1252 agnoscere»
652 1188 688 1236 se
702 1164 855 1232 declarat

500 1387 610 1440 veteris
624 1389 751 1454 vestigia
764 1389 904 1441 flammae
919 1402 926 1438 ε

146 1584 289 1652 vixdum
309 1586 414 1672 igitur
431 1607 572 1669 novum,
595 1609 700 1676 quem
718 1609 831 1677 nuper
850 1586 1018 1676 concepit,
1041 1583 1200 1652 affectum
1222 1585 1274 1651 in-

147 1689 293 1775 cusavit,
336 1699 370 1759 et
404 1692 550 1760 subinde
588 1693 677 1760 illud
713 1694 856 1781 injicere
893 1683 941 1761 in'
964 1694 1084 1760 Annae
1122 1697 1274 1760 mentem

147 1805 271 1882 tentat,
294 1800 393 1867 illum
422 1822 588 1882 amorem,
619 1806 690 1867 tam
718 1823 839 1868 severe
857 1824 877 1867 a
897 1823 933 1867 se
953 1803 1029 1891 ipsa
1057 1800 1270 1884 damnatum,

146 1906 237 1972 nihil
249 1905 346 1973 aliud
357 1911 474 1974 tamen
490 1930 565 1974 esse
581 1931 686 1998 quam
700 1931 832 1976 meram
847 1908 1012 1999 pristinae
1027 1908 1062 1973 in
1078 1906 1274 1996 Sychaeum

147 2015 301 2082 caritatis
322 2016 614 2082 continuationem
633 2017 689 2083 vel
706 2016 898 2106 quoddam,
920 2021 959 2082 ut
976 2016 1024 2083 ita
1043 2015 1167 2098 dicam,
1190 2015 1273 2080 resi-

150 2121 273 2190 duum.
301 2162 346 2173 -
382 2122 486 2190 Velut
524 2123 551 2190 si
582 2124 753 2211 significet
787 2123 981 2214 Sychaeum
1013 2124 1128 2213 ipsum
1159 2121 1271 2192 adhue
1345 2134 1347 2141 ’

147 2231 272 2311 amari,
294 2251 372 2297 cum
392 2230 528 2298 Aeneas
548 2238 724 2300 ametur...
796 2314 803 2327 .

193 2337 287 2424 Ergo
308 2339 411 2404 etiam
428 2338 571 2428 quando·
586 2338 674 2405 Dido
695 2340 803 2407 sorori
822 2344 1026 2426 argumenta
1050 2338 1215 2405 adversus
1235 2360 1272 2404 se

149 2444 263 2532 ipsam
294 2444 445 2510 valentia
478 2466 647 2531 generose
678 2446 857 2536 porrigere
894 2444 1042 2526 videtur,
1074 2445 1123 2511 ita
1157 2449 1282 2510 tamen·

151 2551 312 2617 sollerter
331 2552 392 2618 illa-
410 2552 508 2639 eligit
527 2559 586 2619 aut
604 2555 771 2634 enuntiat,
798 2559 846 2633 ut,
869 2554 967 2641 quasi
990 2552 1165 2634 hebetata,
1194 2552 1272 2618 usui

148 2678 225 2724 esse
244 2665 429 2747 nequeant.
446 2659 682 2740 Quamobrem
701 2682 819 2728 rursus
842 2661 954 2743 Anna,
977 2665 1155 2726 emunctae
1178 2659 1272 2724 naris

148 2769 183 2830 et
211 2765 288 2854 ipsa
314 2766 452 2849 mulier,
474 2789 586 2856 neque
615 2769 657 2835 iis
687 2769 899 2856 argumentis
928 2768 989 2850 uti,
1011 2789 1125 2856 neque
1150 2766 1274 2833 eadem

147 2872 308 2939 refellere
329 2859 505 2958 dignatur.

196 2977 267 3045 Sed
294 2980 362 3046 alia
389 2987 471 3048 tuuc
499 2982 560 3048 illa
587 2984 731 3050 meliora
747 2983 864 3066 affert,
887 2989 920 3049 et
943 2983 1054 3067 magis
1079 3004 1195 3072 perse
1215 3005 1287 3049 va-¹

148 3087 267 3169 lentie,
299 3110 457 3177 quaeque
486 3091 633 3156 maxime
667 3090 711 3156 ad
750 3089 1035 3157 commovendam
1067 3095 1111 3172 et,
1151 3095 1189 3155 ut
1225 3091 1273 3157 ita

149 3193 276 3276 dicam,
305 3196 602 3285 praecipitandam
626 3196 796 3263 Didonem
824 3198 950 3264 idonea
980 3199 1058 3263 sint.
1085 3195 1160 3263 Duo
1181 3197 1273 3273 enim

150 3303 217 3370 ista
241 3302 313 3368 sola
337 3302 464 3369 Didoni
487 3326 562 3370 esse
587 3287 778 3395 accipiendi
802 3307 928 3371 amoris
956 3304 1204 3393 impedimenta
1222 3305 1288 3370 in-1

149 3408 296 3496 tellegit,
312 3410 442 3476 scilicet
460 3413 667 3500 promissam
688 3412 834 3501 Sychaei
858 3413 976 3494 cineri,
998 3413 1273 3503 promissamque

149 3515 224 3582 Diis
243 3515 359 3583 fidem.
382 3515 519 3607 Duplici
539 3521 630 3586 enim
649 3526 786 3586 tenetur
801 3518 890 3586 Dido
905 3519 1071 3605 religione
1093 3541 1100 3586 :
1123 3524 1274 3585 mortuo-

150 3643 236 3688 rum.
248 3625 442 3690 reverentia
461 3629 564 3714 atque
584 3632 679 3693 metu
697 3626 867 3709 Deorum;
890 3648 929 3692 ac
949 3625 1035 3690 duas
1055 3624 1131 3691 illas
1146 3627 1288 3711 cogitas

149 3731 262 3796 tiones
292 3730 366 3817 ejus
406 3733 520 3798 animo
555 3734 692 3822 penitus
720 3733 841 3799 infixas
872 3755 941 3798 non
969 3732 1075 3799 semel
1100 3731 1284 3818 Vergilius

150 3840 367 3905 monstravit.
393 3838 464 3904 Eae
488 3845 604 3906 autem
625 3842 721 3930 ipsae
749 3847 828 3907 sunt
858 3861 943 3929 quas
974 3838 1086 3905 refelli
1114 3846 1272 3930 oportere

150 3943 251 4010 Anna
271 3945 365 4012 haud
383 3946 556 4033 immerito
581 3953 714 4031 censet;
737 3971 805 4038 quo
832 3970 913 4015 vero
937 3945 1041 4012 modo
1063 3948 1207 4031 relellat,
1230 3947 1273 4012 de

150 4051 251 4119 Anna
271 4052 478 4120 disserentes
498 4059 620 4144 postea
640 4055 866 4122 videbimns².

186 4335 208 4391 l.
225 4337 314 4391 Herna.

183 4409 208 4461 2.
227 4409 288 4460 Pars
300 4425 328 4476 11,
342 4424 396 4475 cap.
410 4423 449 4462 m.
525 4456 527 4460 ,
