2844 4928
153 290 218 354 104
568 313 643 358 rins
668 315 849 360 rosrnnroa.

150 483 288 572 prodita
308 488 371 564 ost,
393 485 434 549 iis
455 505 579 574 parurn
594 491 722 552 attente
742 491 862 576 poetas
881 487 1084 554 immoratos
1102 485 1185 574 jure
1208 510 1275 555 ere-

152 590 234 657 dere
250 612 434 680 possumus
446 592 467 655 ¹.

193 805 242 871 De
263 808 363 871 Anna
382 806 465 872 item
485 806 594 873 multu
620 826 681 871 nos
703 803 886 893 impellunt
906 810 943 871 ut
968 806 1165 895 opinemur,
1189 805 1276 874 Ver-

151 912 273 998 gilium
292 912 337 978 ah
356 913 506 1002 antiquis
525 913 628 1003 plura
646 934 716 977 non
743 934 817 977 esse
841 916 1035 979 mutuatum
1055 934 1163 1002 quam
1189 936 1275 1004 quae

149 1019 249 1085 nobis
269 1019 526 1087 innotuerunti.
623 1070 626 1074 .
1185 1086 1189 1091 .

194 1127 389 1193 Poenorum
408 1127 548 1216 quidem
569 1127 605 1193 in
625 1126 730 1193 sacris
749 1125 876 1192 fabulis
894 1126 985 1192 inter
1004 1125 1125 1193 doctos
1143 1135 1277 1197 constat

149 1234 285 1301 Annam
307 1240 423 1324 partes
448 1256 527 1301 suas
551 1234 718 1320 gessisse,
738 1237 904 1323 tanquam
928 1239 1110 1320 cognatam
1135 1240 1196 1302 aut
1220 1258 1277 1303 an·

150 1342 264 1409 cillam
283 1341 426 1408 Didonis
447 1341 588 1431 (scilicet
613 1341 759 1431 punicae
786 1340 954 1430 Astartes)
984 1341 1095 1408 deum.
1122 1342 1172 1409 Ex
1212 1343 1275 1410 ista

149 1471 233 1515 vero
265 1448 416 1535 mythice
440 1470 601 1538 persona,
630 1447 729 1534 eujus
758 1448 870 1514 solum
902 1466 1028 1514 nomen
1059 1453 1118 1515 aut
1150 1470 1276 1540 pamm

150 1557 290 1646 copiosa
319 1555 436 1622 fabula
469 1554 562 1645 apud
594 1559 746 1642 gentem,
785 1554 983 1621 inveniendi
1009 1555 1108 1645 copia
1133 1557 1275 1623 minime

148 1662 356 1752 praeditam,
380 1661 627 1744 celebraretur,
653 1661 725 1727 iere
749 1661 883 1727 nullum
904 1660 1055 1728 fructum
1079 1684 1100 1728 a
1122 1660 1275 1748 Vergilio

149 1775 353 1860 perceptum
381 1769 481 1836 facile
514 1768 747 1855 intellegimus
778 1791 785 1836 ε
812 1769 878 1834 nisi
910 1769 997 1835 forte
1026 1769 1062 1834 in
1095 1754 1276 1857 Carthalgi-

146 1879 308 1943 niensum
344 1875 471 1942 fabulis
513 1876 614 1942 Anna
652 1880 817 1964 tanquam
847 1877 994 1941 'conscia
1031 1881 1065 1941 et
1101 1875 1274 1962 adjutrix⁸

148 1983 290 2067 Astarti,
322 1983 495 2073 quendam
525 2005 542 2048 e
575 1982 777 2048 mortalibus
807 1983 945 2066 amanti,
978 1983 1156 2065 exstiterit,
1181 1982 1273 2050 unde

150 2091 330 2157 eonsilium
363 2089 496 2158 Maroni
533 2088 727 2176 subjectum
760 2089 865 2155 inerit
894 2090 1030 2156 Annam
1062 2089 1273 2158 informandi

148 2199 253 2265 talem
278 2198 417 2288 qualern
441 2199 477 2263 in
502 2198 615 2287 quarti
639 2196 803 2263 Aeneidis
827 2196 909 2264 libri
934 2197 1031 2263 initio
1056 2202 1090 2264 et
1119 2196 1189 2266 fine
1222 2220 1273 2276 re·

149 2306 395 2396 praesentavit.

192 2413 376 2480 Praeterea
395 2412 563 2479 Naevium
578 2416 637 2477 ant
655 2410 804 2477 Ennium
817 2411 904 2477 nihil
920 2411 951 2476 ei
970 2411 1118 2500 amplius
1136 2433 1268 2504 suppe-

148 2518 276 2586 ditasse
297 2542 401 2609 quam
425 2520 546 2586 Annae
570 2539 702 2584 meram
722 2519 947 2600 mentionem,
979 2517 1141 2585 arbitrari
1168 2520 1270 2589 nobis

148 2628 278 2717 optimo
300 2627 378 2714 jure
395 2627 486 2693 licet.
508 2624 640 2715 Nempe
661 2626 808 2691 multum
828 2624 958 2713 ambigi
974 2624 1049 2712 jam
1064 2647 1170 2715 supra
1183 2626 1272 2692 vidi·

148 2757 224 2801 mus
246 2758 290 2801 an
309 2735 351 2801 de
371 2734 514 2801 Didonis
533 2733 740 2822 Aeneaeque
766 2733 941 2798 amoribus
961 2734 1148 2822 quicquam
1175 2738 1272 2801 uter-

147 2865 214 2932 que
235 2843 434 2928 cognoverit
453 2841 508 2907 vel
527 2839 674 2922 tinxerit,
706 2840 983 2929 recentioresque
1011 2839 1203 2930 philologi‘
1231 2865 1272 2911 ex

146 2949 388 3040 probabilibus
408 2947 599 3014 rationibus
620 2969 784 3012 censuere
809 2946 896 3012 nihil
916 2969 978 3012 nec
998 2946 1091 3036 apud
1115 2949 1274 3036 priscum

146 3055 235 3123 Belli
251 3055 375 3122 Punici
392 3056 617 3138 conditorem,
650 3076 762 3143 neque
789 3054 823 3118 in
850 3052 1042 3120 Antiatibus
1071 3053 1164 3120 Enni
1190 3054 1273 3123 Car·

178 3250 200 3301 1.
220 3249 256 3298 Cl.
269 3264 351 3312 supra,
363 3264 387 3311 p.
403 3248 432 3297 16
442 3263 496 3311 sqq.
510 3249 539 3298 de
550 3249 699 3297 Ariadna—
710 3247 776 3296 Idem
788 3262 842 3296 esse
853 3263 936 3296 verum
948 3248 978 3297 de
991 3249 1082 3297 Latinis
1097 3262 1194 3315 quoque
1209 3264 1274 3315 poe·

145 3323 178 3371 tis
188 3323 227 3385 qui
244 3322 274 3370 de
290 3321 381 3369 Creusa
391 3320 483 3382 aliquid
499 3320 581 3369 dicere
597 3324 736 3382 potuerunt,
753 3325 848 3383 egomet
862 3320 957 3382 opinor.
974 3320 1036 3368 Nam
1051 3333 1128 3383 neque
1144 3322 1170 3369 in
1186 3323 1275 3373 Anna-

146 3395 204 3442 lium
215 3393 277 3441 libro
288 3391 541 3455 primo‚—siquidem
556 3396 591 3440 tot
605 3393 679 3439 rebus
692 3393 799 3439 refertus
816 3392 860 3439 tuit
873 3396 932 3454 quot
942 3395 1067 3440 enumerat
1076 3392 1104 3441 L.
1114 3391 1234 3444 Musutsn
1243 3421 1274 3433 -·

146 3465 219 3514 Ennio
238 3465 306 3512 locus
324 3464 369 3512 luit
387 3462 426 3511 vel
445 3467 538 3524 tempus
557 3463 730 3524 exprimendae
750 3463 856 3510 Creusae
876 3463 984 3523 indolis;
1006 3463 1176 3524 Nanvrunnun,
1193 3481 1275 3529 quan-

146 3550 217 3598 quam
238 3536 260 3583 is
282 3535 445 3583 abundantius
466 3547 576 3581 eversam
596 3534 691 3595 'lrojam
712 3533 892 3595 descripserat,
917 3548 1066 3597 uxorumque
1089 3537 1139 3582 turn
1156 3536 1273 3600 Aeneae,

146 3621 200 3655 cum
215 3607 286 3654 etiarn
302 3605 419 3653 Anchisis
436 3605 586 3665 meminerat,
602 3617 686 3666 parurn
701 3618 784 3652 earum
799 3603 910 3653 adtectus
925 3604 1072 3667 depingendi
1088 3609 1130 3654 aut
1145 3608 1274 3658 curiosum

146 3683 187 3727 aut
201 3679 306 3740 peritum
320 3678 410 3737 inisse,
426 3676 541 3734 arbitror,
557 3679 672 3738 quantum
693 3675 801 3737 intellegi
823 3680 903 3737 potest
923 3690 936 3723 e
954 3676 1052 3724 duobus
1070 3676 1125 3724 istis
1139 3680 1273 3742 versibus,

145 3749 187 3797 ubi
201 3750 232 3797 de
247 3749 356 3811 fugitivis
371 3747 514 3795 mulieribus
529 3748 588 3794 satis
603 3747 698 3794 inflecte
714 3751 738 3794 et
753 3761 835 3795 crasse
850 3747 956 3810 loquitur
972 3761 978 3794 :

478 3862 601 3905 Amborum
616 3874 697 3905 uxores

398 3931 464 3969 noctu
477 3925 557 3968 Troiad
572 3925 663 3967 exibent
676 3925 785 3978 capitibus
797 3924 881 3979 opertis

398 3990 475 4031 ssantes
490 3989 575 4041 ambae,
589 3989 696 4030 abeuntes
709 3987 808 4031 lacrimis
820 4000 870 4030 cum
885 3987 972 4031 multis.

175 4098 382 4160 2.Jusr1nos,qui
397 4097 456 4144 satis
472 4096 525 4144 tuse
539 4096 643 4145 Didonis
658 4110 698 4143 res
710 4099 801 4158 narrat,
817 4097 910 4144 Annam
926 4096 1024 4146 novisse
1039 4109 1087 4145 non
1103 4096 1214 4149 videtur.

175 4171 199 4219 3.
216 4171 269 4218 Fuit
283 4170 384 4218 forsitan
399 4169 468 4216 Anna
488 4169 512 4215 in
531 4167 623 4214 divinis
647 4165 884 4229 Carthaginiensium
904 4168 993 4216 tabulis
1013 4182 1061 4216 una
1080 4182 1110 4216 ex
1127 4169 1159 4217 iis
1174 4190 1188 4216 o
1203 4171 1274 4224 divin

145 4242 240 4290 tumulis
256 4261 277 4302 a,
293 4260 304 4285 ι(
321 4240 458 4303 virginibus
473 4239 547 4296 divis,
567 4258 578 4280 n
597 4252 659 4300 qnae
679 4238 714 4285 sic
734 4239 886 4286 vocabuntur
905 4240 970 4300 apud
987 4240 1094 4299 Latinos,
1112 4241 1150 4288 vel
1177 4262 1189 4287 n
1208 4242 1272 4295 deae

146 4314 254 4361 cuculae.
271 4333 282 4354 »
300 4313 335 4360 er.
353 4312 460 4358 l'nenrsn
476 4314 499 4357 ct
513 4310 614 4366 Jonoan,
631 4313 647 4355 t.
663 4308 691 4367 ll,
705 4308 760 4356 313.

177 4384 200 4435 4.
220 4383 281 4432 Vide
298 4397 380 4445 supra,
396 4398 420 4444 p.
438 4380 502 4429 9-10.
