2844 4928
212 299 255 365 78
666 319 742 366 runs
766 319 872 365 raros.

212 496 325 586 potius
345 495 551 576 recentium,
572 516 728 562 amorum
752 495 954 589 memoriam
979 514 1164 578 renovare,
1187 494 1218 561 si
1241 495 1341 585 quod

134 623 136 627 ’
211 602 398 670 accendere
418 601 629 668 desiderium
655 609 779 692 queat;
805 601 961 690 illudque
988 600 1188 672 castissimis
1219 607 1341 670 tamen

196 709 327 786 ,verbis
347 710 571 799 praestringit
591 731 598 778 :

335 905 410 955 Mene
424 903 521 970 fugis?
537 906 591 957 Per
605 917 659 971 ego
673 905 722 956 tas
740 905 869 954 lacrimas
882 904 1075 969 dextramque
1092 908 1175 956 tuam
1193 909 1223 957 te

337 985 465 1051 (quando
480 984 560 1037 aliud
575 986 648 1037 mihi
661 986 722 1051 jam
739 986 863 1038 miserae
877 985 952 1037 nihil
968 985 1032 1049 ipsa
1042 984 1170 1052 reliquit,

336 1081 385 1132 per
398 1065 512 1116 conubia
524 1071 626 1127 nostra,
644 1079 694 1131 per
707 1068 826 1132 inceptos
843 1067 1038 1132 hymenaeoS‚

337 1148 362 1197 si
376 1145 439 1196 bene
453 1147 518 1211 qnid
532 1147 563 1197 de
578 1153 601 1196 te
615 1147 704 1196 merui
714 1147 733 1207 ¹,
749 1147 804 1210 suit
818 1154 865 1198 aut
881 1145 931 1198 titt
945 1147 1088 1212 quicquam

338 1225 414 1276 dulce
428 1240 527 1287 meum,
543 1225 717 1279 miserere...

214 1401 333 1466 Nonne
355 1399 458 1465 etiarn
473 1402 545 1464 turn
560 1420 641 1465 vere
657 1396 819 1464 muliebri
834 1402 906 1464 arte
922 1398 953 1463 ei
967 1396 1123 1464 insidiari
1138 1396 1245 1479 dieas,
1259 1419 1343 1464 cum

214 1506 312 1573 addit
332 1528 340 1575 ε

384 1701 434 1751 Cui
447 1715 489 1750 me
503 1700 710 1753 moribundam
726 1699 833 1758 deseris,
850 1700 982 1766 hospes‘.>

339 1781 415 1845 Quid
430 1784 577 1840 morort...
591 1785 693 1842 <an>
708 1787 816 1845 coptam
830 1778 918 1832 ducat
935 1779 1078 1834 Gaetulus
1093 1780 1212 1832 Iarbas?

216 1953 315 2042 quasi
329 1975 454 2043 nempe
474 1953 557 2019 velit
575 1953 717 2019 incitare
737 1957 776 2018 ut
795 1956 926 2018 metuat
939 1973 982 2018 ne
1000 1951 1099 2017 alteri
1116 1951 1253 2040 captiva
1272 1957 1345 2019 tra-

215 2060 317 2128 datur
336 2082 440 2151 quam
459 2059 582 2126 hahuit
600 2060 675 2149 ipse
694 2059 833 2125 femina.

260 2166 369 2234 Imrno
388 2190 455 2233 non
476 2167 612 2233 dubitat
632 2166 822 2251 vergiliana
852 2165 941 2232 Dido
966 2166 1118 2255 apertius
1142 2166 1260 2249 adse,
1285 2170 1345 2236 vel

215 2275 250 2341 in
271 2275 432 2363 exiguum
453 2279 602 2365 tempus
624 2295 787 2340 revocare
809 2278 993 2355 amantem,
1015 2273 1080 2339 hoc
1100 2279 1179 2340 voto
1202 2296 1209 2343 :

344 2468 456 2524 Saltem
472 2469 498 2520 si
513 2481 572 2535 qua
585 2467 661 2520 mihi
676 2467 712 2520 de
727 2472 757 2522 te
771 2472 910 2533 suscepta
923 2468 1029 2523 fuisset

342 2558 406 2601 ante
419 2549 515 2614 fuqam
530 2549 678 2602 suboles..

216 2720 342 2812 quibus
362 2712 504 2810 quidem
527 2720 644 2787 verbis
664 2720 742 2810 quis
768 2720 896 2811 estqui
917 2719 1146 2805 offendatur²,
1169 2745 1247 2790 eum
1268 2727 1346 2794 voti

215 2828 321 2915 hujus
341 2827 522 2895 audaciam
543 2828 724 2917 sequentia
738 2827 824 2894 mire
844 2832 1039 2918 temperent
1060 2851 1067 2898 :

608 3021 637 3076 Si
652 3022 718 3088 quis
730 3021 805 3076 mihi
820 3023 963 3087 parvulus
976 3023 1046 3077 aula

341 3101 459 3155 luderet
472 3104 596 3163 Aeneas,
612 3103 662 3168 qui
674 3107 704 3157 te
718 3107 818 3156 tamen
828 3104 840 3138 ³
852 3116 900 3156 ore
914 3102 1065 3157 referret...

218 3273 289 3340 Nec
317 3274 471 3365 profecto
500 3275 686 3364 quicquam
719 3279 829 3360 vetat,
861 3298 939 3342 curn
971 3273 1057 3341 nihil
1091 3274 1260 3342 muliebre
1296 3278 1345 3346 ab

218 3380 333 3448 indole
343 3381 487 3449 Didonis
503 3382 654 3449 alienum
668 3404 743 3452 esse
757 3382 981 3473 adhucusque
994 3383 1200 3473 praemoniti
1215 3383 1342 3470 sintua

218 3489 302 3579 quin
320 3490 532 3555 nuncetiam
552 3488 653 3557 nobis
681 3513 757 3556 eam
780 3489 968 3576 fingamus,
991 3495 1138 3556 matrem
1157 3513 1198 3556 ex
1221 3491 1345 3561 Aenea

250 3735 272 3784 1.
292 3736 399 3785 Tametsi
422 3738 540 3800 quosdam
565 3738 714 3800 interpretes
743 3738 802 3786 satis
829 3737 909 3787 audax
933 3740 1035 3788 verbum
1057 3739 1116 3788 itlud
1140 3739 1256 3802 offendit,
1282 3742 1344 3803 pta-

218 3807 319 3857 uissime
336 3808 427 3857 dietum
446 3812 497 3869 est,
521 3812 545 3858 et
565 3813 632 3858 recle
658 3808 793 3859 Centaurea
813 3811 927 3873 explanat
945 3826 980 3859 1«
1000 3811 1030 3874 if
1040 3826 1092 3875 you
1113 3826 1172 3860 ever
1186 3811 1272 3875 found
1286 3828 1345 3878 any

214 3877 338 3944 pleasure
354 3879 382 3928 in
396 3894 445 3928 me.
463 3900 475 3924 a

249 3951 272 4000 2.
292 3949 426 4000 Conrsoros
442 3965 448 4000 :
467 3971 479 3995 a
497 3951 610 4000 Gessruu
625 3965 749 4014 supposes
768 3950 828 4000 etat
843 3951 886 4000 the
908 3967 1022 4018 passcqc
1036 3953 1115 4003 could
1133 3954 1198 4003 have
1217 3953 1281 4004 been
1301 3957 1344 4005 in·

220 4020 367 4086 terpolotcd
388 4021 474 4085 before
494 4023 538 4071 tlte
559 4022 620 4071 time
642 4023 675 4086 of
694 4023 806 4071 thvenat
829 4023 885 4072 wlco
909 4022 1013 4073 allodes
1035 4029 1061 4074 to
1087 4027 1109 4074 it
1128 4027 1184 4076 Sat.
1206 4025 1226 4074 V
1244 4040 1271 4086 »;
1295 4029 1359 4078 sed‘

218 4094 283 4142 iilam
298 4095 460 4156 conjecturam
475 4094 536 4142 nihil
551 4095 575 4140 in
590 4094 661 4142 codd.
678 4095 804 4142 confirmat
818 4096 851 4158 (v.
867 4096 982 4154 Rmeacn,
997 4097 1135 4160 Garunna).

248 4166 271 4214 3.
288 4165 337 4214 Atii
351 4185 363 4211 a
379 4169 484 4215 tantum
500 4184 521 4213 ».
538 4165 587 4214 Sed
603 4185 614 4210 (ι
632 4169 718 4214 tamen
736 4184 748 4210 »
764 4165 789 4213 in
804 4167 901 4229 optimis
917 4168 990 4219 codd.
1006 4169 1104 4232 legitur,
1119 4184 1197 4232 neque
1216 4170 1344 4232 explicatu

218 4238 319 4288 difficile
334 4241 371 4287 est
383 4252 388 4286 :
399 4258 411 4282 «
424 4238 514 4286 Tamen
529 4235 576 4286 kas
591 4251 607 4287 a
622 4234 787 4300 consolatore
797 4239 885 4301 force:
895 4239 979 4289 whose
993 4242 1121 4304 features,
1133 4242 1160 4289 in
1170 4242 1238 4304 spite
1248 4242 1281 4304 of
1290 4240 1342 4301 ull,

218 4308 304 4373 miqlrt
318 4308 421 4365 remind
430 4323 469 4358 me
483 4309 516 4372 of
525 4322 587 4374 you.
605 4327 617 4353 n
629 4308 773 4359 Centauros.
794 4309 851 4359 Item
871 4310 967 4362 Karrea
984 4325 990 4360 ε
1006 4330 1018 4358 u
1034 4312 1124 4362 Tamen
1141 4326 1146 4363 :
1161 4311 1228 4365 doch
1243 4314 1344 4380 ruentq-

219 4385 326 4432 scens.»
