2844 4928
143 293 187 357 al
595 311 672 359 rias
696 311 800 357 caron.

141 489 229 554 iram
248 487 480 577 praeposteris
501 486 691 554 maledictis
710 487 746 553 in
767 508 802 551 se
822 487 981 567 concitet,
1011 489 1103 552 tacet
1126 485 1268 552 Andro-

80 603 81 607 ’
143 595 300 662 macha¹.
323 593 410 662 Cum
428 594 555 661 idonea
577 595 628 660 illi
648 594 863 685 oppetendae
890 594 1011 659 mortis
1031 593 1179 675 occasio,
1199 594 1268 687 nisi

144 702 352 770 Graecorum
372 702 528 791 imperiis
554 706 686 792 pareat,
713 701 830 767 oblata
854 701 913 781 sit,
935 704 1046 791 paret.
1067 699 1268 788 Polyxenae

143 831 255 899 nuper
281 808 480 892 invidebat;
510 808 704 896 Polyxenae
728 809 836 875 latum
866 830 910 874 ne
935 801 1121 890 mereatur,
1154 813 1267 874 cavet.

147 915 242 983 Unde
260 939 342 982 vere
362 916 488 1003 conjici
507 917 615 1006 possit
634 916 730 982 illam
756 916 811 981 vel
837 917 871 980 in
900 937 1035 981 summo
1054 914 1115 980 illo
1135 914 1270 981 doloris

144 1023 289 1090 articulo
313 1046 382 1090 non
402 1024 549 1090 multum
569 1022 614 1089 ab
634 1023 778 1090 Hecuba
802 1023 1001 1104 dissentire,
1029 1045 1107 1088 curn
1138 1023 1271 1089 Priami

43 1130 46 1135 ’
145 1154 249 1198 senex
268 1153 363 1214 uxor,
385 1133 420 1197 in
440 1136 535 1198 tanta
551 1130 700 1197 orbitate
720 1131 944 1197 nihilominus
960 1131 1118 1220 'sapiens
1141 1131 1270 1196 miser-

144 1239 391 1306 rimam-etiam
414 1240 518 1304 vitam
551 1243 741 1305 maturatae
775 1237 1169 1328 mortipraelerendam
1191 1259 1271 1304 csse

144 1346 361 1414 declarati..
380 1347 525 1412 Tantam
549 1326 691 1435 quidem
710 1346 929 1433 grandaevae
954 1346 1108 1413 mulieris
1129 1346 1271 1435 sapien-

143 1454 241 1537 tiam,
258 1476 458 1544 quanquam
473 1453 577 1544 paulo
596 1454 741 1520 nimium
760 1453 928 1520 humilem
947 1458 981 1520 et
1000 1452 1185 1538 abjectam,
1198 1475 1272 1518 non

145 1567 336 1651 stupemus,
358 1561 445 1627 illud
474 1567 659 1650 utrumque
697 1566 914 1651 reputanteS,
946 1583 987 1627 eo
1019 1561 1130 1645 magis
1162 1581 1269 1649 saepe

144 1668 334 1735 adhaerere
367 1669 457 1735 vitae
488 1691 604 1751 senes,
640 1692 708 1758 quo
737 1670 917 1759 propiores
947 1669 1050 1734 morti
1079 1668 1161 1749 sint,
1193 1689 1271 1757 eos-

145 1776 295 1866 demque
315 1775 512 1866 aliquando,
536 1799 611 1843 curn
638 1777 755 1845 multis
781 1781 814 1842 et
837 1777 1027 1842 humanum
1049 1774 1193 1840 modum
1212 1799 1271 1841 ex-

145 1882 346 1950 cedentibus
367 1884 541 1950 aerumnis
561 1885 659 1973 quasi
684 1883 840 1974 depressi
859 1888 962 1972 atque
982 1882 1089 1948 attriti
1108 1881 1267 1968 jaceant,

144 1991 190 2057 ed
209 1991 491 2081 supervenientes
504 1990 642 2056 dolores
657 1989 891 2057 indurescere.
903 1989 923 2056 J
926 1991 1082 2056 uniorcm
1092 2011 1174 2056 vero
1190 2010 1269 2057 esse

141 2097 338 2185 judicamus
353 2097 493 2163 viduam
513 2098 670 2163 Hectoris
683 2119 825 2164 uxorem
840 2120 944 2187 quam
956 2102 995 2163 ut
1011 2096 1171 2163 omnibus
1187 2118 1270 2162 suo-

144 2226 221 2270 rum
241 2204 467 2271 cadaveribus
483 2205 696 2272 circumdata
713 2210 826 2271 tantas
841 2206 1053 2271 calamitates
1067 2209 1138 2270 tam
1153 2225 1269 2292 aequo

145 2313 260 2378 animo
278 2312 330 2378 fer
352 2317 377 2381 t.

191 2418 267 2500 Qua
285 2419 426 2508 quidem
446 2423 604 2511 praecoci
623 2444 740 2488 rerum
759 2420 945 2511 prudentia
964 2419 1172 2511 Euripideae
1192 2420 1268 2487 An-

145 2524 351 2592 dromachae
370 2527 406 2593 in
419 2527 618 2595 defunctum
634 2529 819 2614 conjugem
834 2529 958 2594 caritas
977 2527 1134 2593 nonnihil
1152 2528 1269 2593 immi-

144 2634 203 2699 nui
222 2633 372 2717 vidctur,
393 2633 497 2724 idque
517 2637 551 2701 in
566 2637 651 2726 ipsis
672 2635 871 2719 Trocdlbm,
893 2635 1024 2700 scilicet
1043 2635 1139 2724 prius
1159 2635 1268 2701 etiam

144 2763 248 2830 quam
269 2741 312 2807 de
331 2743 443 2832 patrio
464 2743 536 2809 solo
553 2766 640 2809 uxor
655 2744 812 2809 Hectoris
833 2743 1029 2808 excesserit.
1047 2769 1062 2803 u
1080 2741 1269 2808 Hectorem

144 2848 271 2916 deflere
292 2849 442 2934 desinas,
464 2890 508 2900 -
535 2851 646 2940 inquit
675 2852 706 2916 ei
735 2851 899 2933 Hecuba;
929 2891 973 2900 —
999 2852 1129 2940 quippe
1160 2872 1270 2938 quem

43 3029 48 3037 .
142 2978 212 3022 non
237 2957 329 3023 ullae
359 2963 583 3025 revocaturae
616 2959 682 3025 sint
718 2959 880 3024 lacrimae
894 2957 915 3024 ³.
950 2986 966 3020 a
1009 2957 1114 3043 Cujus
1150 2962 1270 3023 autem

8 4580 94 4640 Ue·

143 3064 284 3130 consilio
304 3064 549 3132 Andromacha
562 3088 641 3131 mox
655 3065 869 3154 obsequitur,
886 3066 1148 3154 futurorumque
1163 3065 1269 3131 nimis

143 3171 222 3253 cito,
243 3176 281 3237 ut
299 3172 447 3254 videtur,
468 3173 632 3263 provida,
661 3173 735 3258 jam
763 3178 836 3239 tum
857 3195 893 3238 se
915 3173 1107 3258 interrogat
1124 3171 1267 3261 qualem

143 3299 179 3344 se
200 3300 283 3365 erga
302 3280 567 3370 Neoptolemum
586 3280 755 3370 praebere
775 3280 912 3365 debeat,
934 3302 1037 3370 quem
1058 3300 1174 3346 amare
1193 3301 1267 3346 non

142 3384 274 3470 deceat,
297 3387 410 3454 odisse
425 3410 507 3454 vero
526 3411 594 3454 non
614 3390 724 3479 prosit
734 3389 756 3454 ⁴.

188 3492 264 3574 Quo
284 3500 400 3561 autern
419 3493 522 3561 modo
542 3495 718 3562 difficilem
737 3518 811 3562 rem
834 3497 934 3563 istam
954 3495 1154 3586 expedierit,
1174 3517 1192 3560 e
1211 3496 1227 3561 f
1248 3535 1265 3546 -

141 3599 236 3684 bula,
250 3602 305 3667 cui
314 3623 440 3667 nomen
451 3601 527 3687 ejus
540 3604 648 3692 ipsius
659 3604 872 3687 inscribitur,
887 3604 1128 3693 comperimus.
1141 3602 1264 3693 Neque

134 3707 257 3797 'inique
276 3709 424 3775 tolerare
454 3710 639 3777 conubium
663 3710 907 3777 Andromacha
929 3710 1066 3777 videtur
1090 3715 1260 3778 coactum.

142 3813 350 3894 Querentcm
371 3821 463 3882 certe
483 3839 658 3907 nunquam
680 3840 754 3884 earn
775 3817 946 3899 audimus,
966 3818 1021 3884 vel
1037 3819 1164 3908 prioris
1183 3839 1265 3884 con-

135 3920 226 4008 jugii
236 3923 483 3989 inconsolabile
496 3923 706 3992 desiderium
723 3925 985 4011 significantem.
1001 3924 1164 3992 Hecubae
1177 3947 1263 3991 vero

171 4152 192 4202 l.
215 4153 318 4212 Trocd,
335 4153 445 4208 tec-tlt.

170 4225 193 4273 2.
212 4226 315 4284 Troad,
330 4227 441 4277 oct-628.

169 4297 193 4344 3.
211 4298 313 4357 Τνοαά.,
328 4298 374 4347 690
390 4315 443 4362 sqq.

170 4365 194 4416 4.
211 4369 314 4428 Troad,
327 4370 374 4419 656
388 4385 451 4434 sqq.;
468 4368 513 4423 Kal
529 4373 571 4437 μὲν
582 4373 720 4437 παρώσασ’
730 4374 851 4437 Ἕκτορος
868 4373 936 4438 φίλον
948 4372 1022 4439 κάρα,
1040 4379 1085 4424 ete.

159 4618 271 4640 affl...
