2844 4928
531 271 629 317 aanor
654 273 788 318 rniuuu.
1203 251 1224 314 7

97 442 258 525 tolemus,
273 443 452 508 etiamtum
465 440 615 528 juvenis,
630 444 738 532 patris
755 444 809 509 sui
822 444 1073 509 commilitones
1090 449 1123 510 et
1142 445 1225 509 ami·

100 571 158 618 eos
180 549 393 616 consuluisse
419 548 583 631 creditur,
607 573 675 640 qua
692 550 825 616 ratione
846 550 1016 639 quibusve
1038 550 1159 617 studiis
1185 573 1224 617 ac

97 656 277 723 laboribus
306 657 459 746 patrium
486 656 591 722 decus
620 658 840 723 tueretur¹...
864 656 1076 737 Quantulum
1105 657 1222 744 igitur,

98 764 133 829 in
149 768 243 830 tanta
258 765 431 830 variarum
445 762 675 830 redundantia
690 785 807 830 rerum
818 769 852 830 et
866 764 901 830 in
916 764 981 830 hac
992 765 1104 853 spissa
1120 774 1224 850 agen·
1324 751 1327 759 ¹

98 872 185 936 tium
204 892 433 960 personarum
459 870 574 952 turba,
597 869 862 937 Andromachae
889 870 998 937 indoli
1025 871 1226 939 describen-

101 977 166 1043 dae
187 978 349 1068 spatium,
371 977 577 1067 quantulum
597 982 736 1068 tempus
757 962 955 1068 supererat!

146 1085 266 1174 Neque
286 1107 368 1150 vero
395 1084 544 1173 amplior
563 1085 595 1150 ei
613 1084 710 1151 loeus
731 1084 875 1151 concedi
899 1085 1012 1173 potuit
1038 1085 1073 1149 in
1095 1083 1227 1175 Sopho-

103 1192 165 1258 clis
186 1197 220 1257 et
238 1190 327 1256 Livii
340 1190 529 1258 Andronici
540 1197 598 1258 aut
613 1191 754 1258 Pacuvii
765 1191 808 1258 de
827 1191 1015 1257 Hermiona
1024 1192 1224 1278 tragoediis,

103 1321 189 1389 quas
203 1298 247 1364 ab
262 1297 470 1389 Euripideae
491 1296 752 1366 Andromachae
773 1303 978 1384 argumento
997 1297 1227 1389 discrepuisse

103 1406 287 1472 arbitror⁹.
317 1405 405 1471 Nam
432 1405 593 1494 Delphis,
622 1428 692 1472 non
721 1407 756 1471 in
785 1404 904 1495 Epiro,
935 1427 991 1472 res
1022 1406 1225 1492 agebatur³,

104 1535 263 1602 quaeque
292 1513 327 1577 in
351 1512 419 1578 fine
444 1503 683 1579 tantummodo
707 1511 917 1601 Euripideae
944 1512 1083 1578 fabulae
1108 1514 1229 1580 recita-

103 1623 173 1703 tur,
194 1619 414 1709 Neoptolemi
430 1617 553 1685 caedes
571 1619 615 1685 ab
627 1618 748 1686 Oreste
767 1620 843 1709 ipso
865 1619 967 1708 (vela
986 1620 1137 1709 quodam
1153 1620 1228 1707 ejus

104 1726 306 1816 amicorum)
328 1730 475 1816 patrata,
498 1726 687 1815 praecipua
705 1727 747 1792 iis
763 1727 799 1791 in
817 1726 1006 1811 tragoediis
1027 1749 1106 1817 pars
1122 1729 1229 1793 actio-

59 1898 64 1908 ,
105 1833 238 1900 nis'fuit
253 1838 287 1899 et
300 1833 344 1900 ad
359 1855 463 1923 quam
478 1838 600 1899 cuneta
612 1838 807 1919 vergerent.
823 1832 1005 1899 Praeterea
1017 1835 1053 1898 in
1069 1856 1229 1900 scaenam

104 1940 373 2022 inducebantur,
404 1980 448 1989 —
477 1940 599 2007 saltem
627 1942 662 2006 in
695 1941 810 2007 latinis
839 1940 1049 2024 Hermiones,
1080 1981 1123 1991 -—
1151 1965 1230 2009 eum

107 2047 297 2114 Hermiona
321 2048 397 2137 ipsa
417 2052 450 2114 et
474 2047 719 2137 Neoptolemo,
751 2046 903 2130 Orestes,
929 2047 1094 2134 PyladeS,
1117 2049 1231 2115 Mene-

106 2155 194 2237 laus,
216 2156 321 2221 immo
342 2154 562 2242 Tyndareum
581 2177 728 2244 cumque
747 2153 988 2245 Sophocleam,
1010 2178 1079 2221 non
1094 2156 1232 2247 Euripi-

108 2262 209 2328 deam
223 2262 245 2344 ⁴,
275 2261 497 2328 Hermionam
524 2261 567 2327 ab
596 2261 795 2328 Andronico
821 2268 854 2327 et
878 2285 898 2328 a
919 2262 1070 2329 Pacuvio
1099 2265 1179 2329 sive
1195 2265 1232 2331 in

106 2370 252 2436 latinum
269 2390 463 2435 sermonem
478 2366 694 2452 translatam,
706 2370 777 2434 sive
791 2375 1023 2453 retractatam,
1038 2393 1078 2436 ex
1092 2371 1232 2438 illorum

107 2476 312 2562 fragmentis
344 2469 539 2541 existimare
571 2475 651 2562 jure
676 2476 794 2557 liceat,
826 2476 907 2542 inde
943 2478 1100 2566 sequitur
1131 2483 1169 2544 ut
1196 2478 1232 2543 in

109 2582 241 2649 Latinis
259 2581 467 2666 Hermiones,
491 2584 579 2648 sicut
599 2587 633 2647 et
651 2583 685 2647 in
706 2605 846 2670 graeca,
874 2588 1047 2649 certamen
1077 2586 1232 2674 profecto

101 2695 145 2756 et
167 2689 344 2755 altercatio
374 2710 489 2755 coram
514 2688 670 2756 Menelao
698 2689 802 2755 fuerit
824 2690 915 2755 inter
945 2691 1229 2780 Neoptolemum,

105 2797 166 2871 ¹eui
192 2796 274 2863 data
301 2796 427 2882 conjux
452 2795 639 2862 Hermiona
657 2796 789 2879 fuisset,
813 2802 846 2862 et
871 2796 1044 2881 Orestem,
1072 2800 1127 2865 eui
1155 2822 1234 2889 pro·

109 2903 246 2970 missa⁵.
264 2903 420 2992 Denique
431 2903 497 2968 ista
518 2903 590 2968 sine
608 2902 715 2969 dubio
735 2925 810 2972 esse
830 2903 951 2970 debuit
970 2906 1074 2976 totius
1094 2906 1232 2973 fabulae

143 3105 166 3155 1.
185 3106 222 3156 ct.
240 3107 280 3158 Tr.
303 3107 351 3157 lat.
368 3106 427 3167 ret,
444 3107 483 3157 ed.
508 3106 628 3165 Ribbeck,
644 3122 669 3169 p.
689 3105 729 3167 53,
745 3107 776 3156 tr.
801 3121 856 3168 xum
873 3107 984 3167 itinerar,
1008 3108 1034 3157 d.
1053 3110 1119 3158 rom.
1145 3110 1232 3175 Traq„

109 3192 135 3241 n·
153 3177 266 3242 140⁸ss·
369 3240 372 3245 .

141 3249 166 3301 2.
185 3250 301 3312 Riesscr,
327 3265 368 3314 op.
394 3251 449 3309 cit,
471 3265 495 3313 p.
518 3250 558 3310 31,
581 3250 643 3298 Livii
672 3250 808 3299 Andronici
829 3250 987 3301 Hermionae
1014 3257 1180 3316 argumentum
1202 3268 1232 3302 ex

111 3321 201 3370 Hrunn
219 3322 302 3370 tabula
317 3321 363 3371 123
386 3323 513 3371 verisimili
538 3322 680 3383 conjectura
694 3322 823 3370 restituere
840 3323 898 3370 mibi
918 3324 1024 3382 videtur,
1041 3328 1143 3386 excepto
1167 3326 1233 3388 quod

110 3393 176 3442 intre
189 3394 219 3441 de
234 3393 405 3442 Andromacha
420 3394 636 3442 animadversurus
652 3407 714 3442 sum.
730 3420 760 3429 -
780 3394 881 3442 Pacuvii
897 3394 1065 3443 Hermionam
1081 3394 1233 3458 Sophocleae

111 3465 263 3513 consimilem
278 3467 353 3513 luisse
366 3465 467 3513 ltranscu
482 3479 537 3513 cum
550 3464 675 3512 Wnnensn
691 3465 812 3527 opinatur.

142 3534 167 3587 3.
185 3535 320 3595 wancare,
338 3551 362 3599 p.
380 3535 440 3595 221;
458 3536 568 3595 tiresum,
583 3534 608 3585 d.
627 3538 691 3584 nim.
711 3536 967 3599 n·a9.,p.261-262.

143 3606 167 3657 4.
186 3606 256 3665 Quod
275 3607 394 3669 saprade
410 3607 451 3654 illa
468 3607 612 3669 Euripideee
624 3607 835 3663 Andromachae,
851 3609 946 3670 qualem
962 3608 1065 3666 induxit,
1082 3610 1147 3672 apud
1159 3610 1233 3660 Grae-

111 3693 156 3727 cos
173 3679 280 3727 novitate
295 3683 318 3726 et
337 3679 467 3729 insolentia
486 3679 578 3736 notavi,
596 3679 657 3726 idem
675 3679 722 3727 hoe
745 3680 823 3742 magis
846 3680 917 3727 etiam
944 3679 1034 3727 Latinis
1055 3683 1235 3742 spectatoribus

112 3751 236 3810 convenit,
252 3750 342 3812 quibus
364 3750 487 3798 fastidium
504 3750 639 3799 movissent
662 3751 763 3798 frivolae
787 3750 848 3798 istae
872 3751 935 3798 inter
957 3764 1056 3798 uxorem
1080 3756 1103 3799 et
1122 3753 1235 3814 pellicem

111 3821 296 3870 altercationes.

131 3893 169 3941 ’5.
191 3893 322 3952 Wnncnen,
335 3907 376 3956 op.
388 3893 443 3950 ait,
460 3908 483 3955 p.
500 3893 546 3942 220
562 3907 616 3956 sqq.
633 3920 665 3929 -
680 3893 755 3955 Cujus
770 3893 933 3942 contentionis
949 3898 1105 3942 monumenta
1120 3909 1236 3945 recenseo

113 3966 162 4013 iste
183 3964 281 4014 Pacuvn
303 3965 367 4028 apud
389 3965 484 4013 Nouruu
507 3967 662 4027 fragmenta:
684 3965 774 4028 1⁰(ed.
801 3966 828 4015 L.
850 3965 971 4025 blesense,
991 3964 1010 4023 l,
1027 3980 1050 4027 p.
1067 3965 1143 4029 aab:
1160 3986 1172 4011 a
1192 3971 1236 4015 tao

108 4035 216 4101 jndicio
232 4049 301 4101 qnae
316 4050 402 4084 omnes
418 4035 511 4084 Graios
526 4037 658 4084 tetinerim
674 4037 701 4098 (i.
716 4050 739 4087 e.
755 4036 909 4092 detinuerim,
927 4035 1100 4099 devinxerim):
1114 4038 1140 4085 L.
1157 4039 1237 4086 ltuen-

113 4123 177 4157 unn:
191 4128 203 4154 (ι
221 4109 246 4157 Si
265 4112 330 4157 recte
346 4109 419 4157 babet
427 4108 479 4171 jorn
493 4122 592 4166 versus,
609 4109 685 4157 verba
701 4112 757 4156 sunt
776 4108 921 4155 Hermionae
941 4107 971 4154 ad
987 4107 1106 4169 Orestem,
1121 4111 1161 4158 vel
1177 4112 1237 4173 Pyr-

114 4181 195 4241 rhum,
211 4181 419 4243 pulchritudinem
432 4181 485 4240 ejus
498 4178 654 4229 extollentem
671 4194 696 4240 »3
712 4207 743 4215 -
758 4179 785 4228 2⁰
801 4177 885 4242 (ibid,
905 4178 923 4235 l,
940 4192 964 4239 p.
984 4179 1059 4242 356):
1077 4200 1088 4225 u
1104 4181 1174 4245 qaod
1189 4182 1238 4244 (vet

114 4256 181 4317 quot
194 4253 378 4315 <tropaeo>)
400 4266 446 4315 eqo
462 4252 489 4300 in
500 4252 556 4300 acie
572 4251 661 4300 crebro
677 4250 811 4315 objectans
826 4251 909 4298 citam
926 4248 1046 4300 bellando
1061 4251 1237 4314 aptn’sarn,·,»

114 4337 178 4388 quae
193 4323 292 4388 quidem
314 4324 390 4372 verba
408 4323 550 4372 alterutrius
565 4338 595 4372 ex
614 4324 732 4372 heroibus
747 4321 926 4372 aemulantibus
948 4322 1047 4386 (Pyrrhi
1064 4325 1146 4386 potius
1167 4340 1239 4388 quam
