2844 4928
512 724 658 793 CAPUT
693 724 911 807 QUARTUM

627 947 676 1014 Da
699 947 792 1015 Anna

192 1412 336 1479 Didonis
356 1433 510 1478 sororem
530 1413 664 1479 Annam
684 1413 829 1479 eandem
854 1414 890 1478 in
913 1411 1066 1478 Aeneide
1085 1432 1269 1501 personam

147 1543 265 1608 agere,
282 1542 346 1585 neo
365 1520 475 1604 magis
494 1521 737 1599 neeessariam,
759 1521 879 1610 liquet,
903 1541 1007 1608 quarn
1026 1520 1061 1584 in
1081 1516 1269 1603 tragoediis

147 1628 299 1694 nutrices
314 1631 373 1692 aut
390 1626 534 1692 ancillae
555 1628 677 1693 solent.
693 1628 826 1717 Neque,
842 1628 869 1692 si
885 1626 1027 1716 quidem
1041 1628 1181 1692 externa
1192 1630 1269 1691 tan-

98 1773 100 1778 ·
146 1742 221 1800 tum
242 1733 429 1823 adspicias,
451 1756 472 1798 a
491 1734 655 1799 scaenicis
678 1734 744 1798 illis
765 1733 978 1824 quibuslibet
995 1733 1191 1799 Phaedimis
1212 1737 1271 1798 aut

148 1839 306 1930 Cephisis
337 1846 395 1905 aut
424 1839 611 1906 Doridibus
645 1826 782 1906 differre
810 1862 886 1906 eam
915 1840 1026 1918 dicas,
1058 1862 1147 1929 quae
1177 1839 1270 1928 apud

146 1953 280 2014 veteres
312 1951 536 2036 recentesque
567 1947 742 2013 scaenicos
769 1951 890 2037 poetas
920 1946 963 2012 ad
992 1947 1028 2012 id
1054 1952 1187 2012 tantum
1215 1947 1269 2012 in-

146 2053 270 2120 ductae
292 2058 370 2120 sunt
390 2059 427 2120 ut
446 2054 557 2120 rarius
574 2053 624 2118 illi
644 2057 823 2120 uterentur
842 2053 1025 2143 soliloquio
1048 2075 1065 2144 ;ι
1077 2052 1162 2119 nibil
1177 2053 1269 2119 enim

146 2160 242 2226 alind
261 2160 361 2227 Anna
380 2183 518 2250 quoque
538 2183 642 2250 quam
661 2183 820 2252 responsa
851 2161 993 2250 profert,
1017 2165 1051 2226 et
1066 2160 1125 2226 illa
1145 2182 1270 2250 appro-

147 2267 265 2334 bantia
293 2267 488 2356 Didonique
514 2268 706 2357 placitura;
743 2272 788 2347 et,
819 2266 912 2356 quod
943 2268 1064 2333 attinet
1091 2266 1135 2332 ad
1164 2268 1266 2350 lacta,

145 2374 235 2440 nihil
263 2375 329 2440 nisi
349 2381 447 2464 paret
466 2397 505 2440 ac
525 2375 722 2441 famulatur.
744 2375 905 2440 Attamen
932 2375 1024 2441 intus
1048 2374 1270 2463 perspicienti

148 2482 231 2549 satis
266 2481 368 2566 longe
407 2481 531 2548 abesse
559 2485 705 2570 apparet
734 2485 771 2546 ut
799 2502 921 2546 revera
952 2480 1112 2546 inanibus
1140 2480 1208 2546 illis
1237 2485 1271 2547 et

147 2587 282 2671 ignavis
301 2588 457 2676 personis
478 2587 599 2653 similis
620 2586 695 2674 ejus
714 2585 848 2652 indoles
869 2587 923 2652 sit.

197 2783 261 2850 llbi
281 2784 370 2849 enim
391 2784 542 2873 primum
568 2807 588 2849 a
612 2805 729 2850 sorore
754 2783 960 2873 compellata
979 2782 1080 2850 Anna
1103 2781 1273 2849 Didonem

146 2891 306 2957 hortatur
324 2897 362 2957 ut
381 2890 534 2956 nascenti
555 2892 664 2956 amori
691 2891 882 2978 indulgeat,
904 2891 952 2956 ita
972 2891 1169 2979 loquentem
1193 2890 1274 2957 facit

147 2996 322 3083 Vergilius
342 3003 380 3062 ut
399 2997 623 3086 perspicuum
643 2997 743 3063 nobis
759 2997 819 3063 fiat
831 3020 898 3063 non
915 2998 1026 3063 solum
1040 3018 1116 3062 eam
1128 2997 1273 3064 dilectae

148 3105 270 3186 sorori,
302 3105 401 3192 cujus
423 3104 468 3170 ob
493 3105 699 3171 maestitiam
725 3111 867 3184 maeret,
888 3104 1038 3190 benigne
1059 3125 1190 3170 morem
1216 3126 1275 3191 ge-

147 3234 239 3287 rere,
266 3212 328 3278 sed
352 3216 385 3278 et
407 3213 519 3301 ipsam
546 3211 624 3290 sibi,
647 3211 769 3277 eadem
799 3197 977 3277 occasione
1005 3210 1096 3291 data,
1122 3211 1273 3277 suturam

147 3319 254 3385 fuisse
272 3317 625 3404 indulgentissimam.

195 3429 280 3494 Cum
300 3426 390 3492 enim
412 3427 554 3491 mortuis
579 3426 751 3515 promissa
773 3425 860 3492 fides
888 3424 1056 3491 Didonem
1082 3430 1273 3492 amaturam

134 3539 313 3613 moretur,
343 3532 442 3598 Anna
468 3538 587 3598 contra
610 3533 749 3598 minime
774 3554 978 3622 persuasum
1002 3532 1108 3598 habet
1137 3533 1274 3598 subter-

148 3661 290 3707 raneam
320 3639 488 3705 defunctis
517 3639 606 3705 ultra
636 3639 833 3729 sepulcrum
854 3641 960 3705 vitam
984 3662 1094 3728 usque
1114 3639 1270 3729 produci.

149 3747 273 3816 Utrum
296 3773 312 3806 n
333 3768 451 3812 manes
474 3773 489 3807 n
512 3768 554 3810 an
576 3772 591 3805 «
614 3747 765 3812 cinerem
789 3774 804 3807 n
825 3746 989 3835 appellet,
1011 3747 1137 3829 nescit3
1158 3746 1273 3835 prius-

150 3877 218 3945 que
237 3853 383 3919 verbum
404 3879 419 3913 «
444 3853 528 3918 cinis
551 3877 567 3914 n
589 3854 738 3919 occurrit
752 3852 773 3919 ¹.

197 3960 299 4042 Quod
320 3960 349 4024 si
368 3960 454 4025 forte
476 3981 655 4049 superesse
675 3981 796 4025 verum
822 3960 865 4025 sit
889 3966 1103 4026 mortuorum
1126 3962 1270 4045 animas,

104 4111 106 4115 -
150 4066 320 4158 numquid
349 4089 406 4133 eas
431 4066 651 4133 terrestribus
681 4067 785 4133 rebus
810 4088 947 4156 semper
966 4067 1060 4153 tangi
1079 4068 1272 4157 putandum

152 4181 204 4241 est
222 4176 247 4238 ‘l-

322 4279 353 4332 Id
369 4279 499 4332 cinerem
513 4284 566 4331 aut
580 4282 681 4332 Manes
695 4280 790 4332 credis
804 4293 905 4334 curare
920 4280 1074 4346 sepultos?

183 4450 206 4500 1.
224 4448 298 4510 Aen„
314 4449 355 4512 IV,
369 4449 400 4500 34
415 4464 422 4499 :
437 4450 465 4500 ld
479 4451 585 4500 cinerem
598 4443 648 4501 nul
661 4427 776 4504 Manes...
