2844 4928
151 287 195 351 aa
265 325 268 329 -
359 272 361 275 ’
543 288 545 293 ’
608 308 848 354 runsrnion..

150 586 252 657 etiam
275 589 344 659 niis
362 589 460 672 libat,

551 682 715 751 spaciatum
730 685 766 737 ad
783 698 864 746 aras,

59 873 60 878 ’
149 857 231 945 quia
250 856 391 940 scilicet,
417 861 455 923 ut
474 855 558 925 dixit
576 856 742 940 Donatus,
766 885 781 919 «
806 858 901 924 nullo
925 859 960 925 in
986 860 1061 924 loco
1081 860 1274 925 consistere

146 964 292 1053 potest²,
308 991 324 1026 »
339 968 372 1030 et
386 965 485 1054 quasi
504 986 689 1031 nervorum
704 965 854 1056 quadam
870 965 1026 1055 inquieta
1039 965 1274 1055 trepidatione

148 1070 312 1159 quatitur.

192 1177 370 1267 Nusquam
391 1178 480 1247 enim
501 1183 535 1245 et
552 1201 729 1269 uunquam
756 1180 837 1247 felix
860 1179 981 1266 regina
1009 1185 1072 1261 est,
1095 1180 1162 1245 uisi
1182 1203 1274 1270 quo-

146 1285 235 1351 tiens
249 1306 328 1351 cum
342 1287 460 1352 Aenea
474 1291 642 1352 versatur.
658 1285 883 1376 Quocumque
899 1287 1006 1374 igitur
1018 1287 1093 1374 ejus
1114 1289 1273 1376 vestigiis

147 1392 284 1473 insistit,
306 1414 543 1487 necunquam
569 1394 712 1460 satiatur
736 1395 875 1488 vidisse..
898 1395 996 1461 Nunc
1016 1394 1047 1462 ei
1068 1421 1084 1456 α
1109 1393 1274 1462 Sidonias

148 1522 231 1590 opes
254 1527 269 1562 »
290 1499 499 1567 ambulando
515 1504 664 1568 ostentat

531 1694 693 1759 urbemque
709 1697 859 1761 paratam³

147 1866 181 1929 et
200 1862 299 1953 quasi
319 1861 488 1945 dotalem3
514 1886 605 1930 nunc
624 1869 788 1950 vergente
804 1864 859 1931 die
878 1866 914 1931 iu
934 1869 1069 1953 noctem
1089 1865 1275 1933 convivial

145 1967 338 2059 producere
357 1969 454 2051 libet,
476 1969 548 2054 ubi,
571 1970 671 2037 sicuti
696 1972 809 2062 primo
837 1972 905 2054 die,
935 1977 969 2039 et
993 1971 1135 2038 videndi
1155 1979 1189 2039 et
1208 1995 1274 2039 au-

81 2124 87 2135 ,
146 2075 264 2142 diendi
282 2077 421 2142 Aeneae
444 2077 588 2144 liberior
615 2078 714 2168 copia
740 2077 852 2145 datur.
878 2079 976 2146 Nunc
1000 2078 1107 2145 veluti
1130 2101 1274 2170 quoque

146 2189 258 2265 antea,
284 2185 527 2270 Astyanactem
555 2183 741 2267 osculatur,
770 2208 882 2275 neque
901 2184 988 2252 illud
1008 2190 1111 2276 poeta
1128 2187 1271 2270 iterare,

147 2291 304 2380 quamvis
339 2290 413 2377 jam
440 2279 546 2380 supra
575 2291 738 2375 dictum⁶,
772 2292 918 2376 dubitat,
947 2294 1110 2383 quoniam
1141 2296 1190 2361 sic
1218 2294 1274 2361 in-

146 2420 271 2486 genue,
303 2397 382 2464 licet
410 2398 552 2464 honeste
573 2404 606 2465 et
635 2404 738 2483 caste,
770 2401 861 2466 viam
885 2400 1012 2468 habeat
1036 2401 1270 2488 significandi,

145 2503 321 2571 interdum
339 2526 521 2596 erumpere
544 2531 560 2569 o
582 2505 725 2572 furentis
748 2535 763 2570 a
784 2508 932 2574 feminac
952 2530 1055 2595 aegre
1074 2508 1271 2577 cohibitum

146 2634 186 2677 ac
206 2611 363 2677 silentem
387 2633 552 2693 amorem,
582 2613 749 2703 illamque
777 2615 876 2705 quasi
899 2615 1134 2705 appetentiam
1158 2619 1272 2707 optati

144 2717 210 2786 viri
223 2719 245 2785 ⁰.
281 2757 325 2768 --
357 2717 428 2786 Nec
466 2720 578 2790 minus
616 2719 799 2804 audacem,
833 2722 956 2788 eadem
978 2727 1093 2789 tamen
1132 2729 1273 2792 servata

177 2914 200 2964 l.
217 2915 269 2963 Nisi
292 2915 361 2974 torte,
378 2918 404 2963 ut
421 2915 472 2964 vult
491 2915 601 2974 Servius,
623 2914 747 2978 Vergilius
763 2916 788 2964 in
810 2916 924 2966 hocloco
944 2918 1081 2967 meminerit
1102 2923 1272 2968 matronarum

145 3001 208 3051 quae
220 2987 401 3036 sacrificaturae
416 2987 481 3036 circa
495 3001 550 3035 aras
564 2987 657 3036 faculas
672 2991 781 3039 tenentes
796 2988 959 3037 ambulabant.
972 2988 1015 3038 Cui
1030 2990 1128 3052 quidem
1143 2990 1271 3053 iuterpre-

145 3059 231 3107 tationi
245 3058 382 3107 adsentitur
396 3057 505 3108 Beuorsr.

176 3129 200 3178 2.
218 3149 230 3172 «
248 3129 278 3176 Et
290 3129 387 3191 vaganti
404 3131 478 3179 totius
492 3129 602 3181 civitatis
622 3131 727 3194 spatium
740 3131 852 3180 sulficere
866 3146 915 3180 nou
931 3136 1035 3194 poterat.
1053 3151 1064 3176 a
1080 3159 1110 3168 -
1133 3131 1169 3180 uf.
1186 3132 1268 3183 Anon.

145 3201 209 3263 apud
233 3199 354 3258 Servium,
376 3202 400 3248 in
414 3217 439 3252 v.
454 3201 486 3251 62
503 3217 509 3251 ε
526 3221 538 3246 «
556 3203 594 3250 Au
615 3203 660 3251 hoc
678 3203 709 3251 ad
733 3203 908 3265 impatientiam
925 3203 1015 3252 amoris
1039 3204 1192 3253 referendum
1219 3210 1268 3266 est,

145 3286 193 3335 quo
205 3271 296 3332 Jactata
311 3271 373 3321 Dido
387 3274 440 3321 loco
458 3276 523 3322 stare
539 3288 587 3322 nou
600 3277 706 3336 poterat,
718 3275 788 3336 juxta
800 3273 860 3322 illud
874 3273 968 3333 <68>

467 3389 546 3432 Uritur
558 3389 632 3433 infelix
650 3389 713 3442 Dido,
728 3395 817 3444 totaque
830 3396 925 3446 vagatur

465 3451 522 3495 Urbe
536 3451 618 3495 iurene.
633 3467 643 3493 a

178 3560 328 3608 Arouuomus
341 3559 391 3622 (ill,
408 3559 520 3623 sat-835)
536 3577 541 3609 :
558 3557 633 3612 αὐτοῦ
649 3560 675 3612 δὲ
689 3563 773 3621 δόμοις
790 3557 957 3613 ἐνιδινεύουσα

558 3635 637 3684 arsita
651 3633 756 3684 πέδον...

177 3745 200 3796 3.
219 3746 246 3794 ln
261 3761 290 3795 eo
304 3751 371 3796 tauto
386 3748 462 3810 magis
480 3748 567 3810 perita,
582 3762 631 3810 quo
650 3747 727 3809 magis
746 3746 890 3796 considendi
909 3750 1012 3811 cupidus
1027 3755 1064 3799 est
1080 3751 1174 3800 Aeneas
1188 3751 1231 3814 (ci.
1248 3752 1266 3812 l,

146 3817 200 3876 437,
216 3818 272 3880 557)
282 3822 306 3867 et
320 3819 373 3881 ipsc
388 3817 538 3868 desiderium
553 3819 642 3882 quietis
656 3833 738 3867 coram
753 3818 847 3867 Didone
862 3824 966 3868 testatus
980 3825 1018 3870 cst
1032 3821 1083 3884 (ΙΙΙ,
1099 3821 1145 3871 493
1160 3823 1235 3885 sqq.).
1293 3816 1295 3823 ’

177 3889 201 3938 4.
218 3890 245 3937 lu
258 3905 280 3940 v.
296 3889 327 3939 77
345 3905 350 3938 :
370 3909 382 3935 «
395 3905 461 3939 uunc
475 3890 567 3940 eadem
580 3890 677 3939 labente
692 3890 733 3939 die
747 3890 861 3940 convivia
874 3893 978 3954 quaerit,
994 3912 1005 3936 »
1020 3894 1177 3956 interpretari
1192 3892 1267 3944 debe·

146 3976 200 4010 mus
214 3961 305 4010 eadem
318 3962 449 4018 convivia·
463 3976 511 4011 non
527 3965 616 4020 autem,
633 3965 658 4010 ut
671 3961 780 4010 Gossaiu
790 3961 851 4020 vult,
865 3961 955 4012 eadem
970 3962 1046 4015 Dido.

177 4033 200 4083 5.
218 4032 295 4091 Aen„
309 4032 327 4091 l,
339 4033 394 4084 717.

399 4168 444 4210 Ant
456 4168 540 4222 gremio
551 4168 679 4221 Ascanium,
691 4167 800 4222 genitoris
812 4167 908 4224 imagine
921 4175 992 4222 capta,

400 4229 496 4284 Detinet,
511 4231 641 4283 infandum
655 4230 674 4272 si
688 4228 765 4272 tallere
779 4231 850 4285 possit
862 4243 967 4274 amorem.

178 4336 214 4390 Ci.
230 4338 301 4400 inira,
314 4352 338 4388 v.
358 4337 401 4388 101
418 4353 423 4385 :

398 4455 468 4500 Ardet
478 4467 556 4500 amana
569 4455 633 4512 Dido,
646 4456 756 4514 traxitque
768 4469 814 4512 per
825 4469 878 4504 osee
890 4457 995 4502 furorem.
