2844 4928
507 345 604 391 carus
629 346 763 392 ramuu.
1158 327 1200 392 13

73 518 315 588 tantummodo
331 517 461 601 Jasoni,
480 519 540 607 qui
559 525 630 586 tam
650 520 716 587 cito
731 522 843 611 ipsam
857 519 1005 610 prodere
1018 521 1198 610 inciperet,

72 624 325 715 indignantem)
349 623 537 716 Sophocles
566 627 729 693 inducere
755 625 913 694 Medeam
943 625 1074 693 debuit.
1101 626 1200 696 Unde

73 734 113 801 fit
141 734 239 800 utin
268 733 334 799 hoc
363 755 445 801 casu
473 732 653 800 Colchicae
682 735 826 820 virginis
851 734 1020 816 condicio,
1042 756 1201 803 mensae

74 842 184 908 verba
210 863 279 907 non
305 840 427 908 eadem
456 862 531 908 esse
562 842 738 930 potuerint
766 864 806 908 ao
830 840 985 907 Didonis.
1018 840 1200 933 Ceteroqui

73 949 169 1039 apud
185 947 449 1038 Apolloniuma
473 970 542 1036 quo
567 971 635 1015 non
665 949 773 1014 multo
803 948 971 1015 absimilis
1000 948 1042 1015 de
1072 949 1137 1016 hac
1162 973 1199 1016 re

75 1056 221 1122 historia
240 1058 413 1137 narratur,
431 1056 514 1121 satis
533 1055 608 1122 fuse
627 1057 784 1147 increpat
797 1078 836 1122 ac
849 1061 1011 1145 precatur
1024 1062 1201 1145 raptorem

77 1184 180 1229 suum
204 1161 347 1229 Medea¹
378 1182 385 1228 :
417 1163 466 1228 ita
494 1168 611 1229 tamen
639 1168 677 1229 ut
711 1162 792 1229 inde
825 1161 1001 1249 Vergilius
1026 1185 1201 1253 perpauca

77 1268 267 1336 admodum
296 1269 512 1358 excerpenda
537 1269 604 1335 sihi
628 1270 832 1338 censuerit².
860 1269 953 1355 Ergo
979 1292 996 1335 e
1018 1269 1199 1359 Sophoclis

74 1376 256 1463 tragoedia
273 1377 367 1442 item.

118 1485 197 1551 Jam
221 1507 302 1551 vero
325 1485 361 1550 in
381 1482 531 1565 Peliade,
553 1489 627 1549 tum
652 1482 827 1574 Sophocli,
857 1506 934 1550 cum
955 1483 1113 1574 Euripidi
1137 1484 1199 1550 ad-

74 1593 202 1682 scripto
216 1595 237 1673 ³,
256 1589 342 1657 nihil
362 1592 407 1657 ad
426 1591 655 1678 vergilianam
681 1614 755 1657 rem
774 1592 949 1680 pertinuit,
974 1613 1051 1657 cum
1072 1591 1122 1656 ibi
1139 1613 1199 1658 ne-

73 1722 141 1789 que
161 1698 204 1765 de
224 1699 366 1766 Medeae
385 1699 421 1764 in
435 1697 598 1764 iasonem
618 1720 748 1782 amore,
770 1721 883 1788 neque
899 1698 941 1764 de
960 1690 1100 1764 Jasonis'
1115 1719 1200 1784 erga

73 1805 232 1873 Medeam
255 1805 403 1895 perfidia
429 1811 607 1890 ageretur;
639 1805 701 1871 scd
726 1805 813 1870 illud
838 1805 949 1874 solum
969 1809 1199 1894 exponeretur

73 1912 199 2002 quibus
224 1911 347 1978 Medea
367 1911 455 1977 dolis
481 1911 629 1978 Peliadis
654 1912 742 1979 filias
767 1911 812 1977 ad
835 1910 1064 1978 voluntariam
1090 1912 1197 2001 patris

70 2042 193 2087 necem
210 2019 440 2110 perduxisset.

115 2127 254 2193 Etenim
274 2148 334 2192 eae
354 2126 427 2192 sine
448 2123 555 2191 dubio
570 2132 687 2215 partes
706 2126 840 2216 priscae
861 2125 903 2192 de
918 2125 1040 2192 Medea
1058 2125 1197 2192 fabulae

68 2232 166 2298 fuere
196 2254 284 2321 quae
313 2233 473 2320 antiquos
502 2232 648 2299 lectores
678 2234 733 2299 vel
766 2237 979 2322 spectatores
1007 2232 1197 2322 plurimum

70 2338 297 2406 delectavisse
318 2337 526 2406 videantur:
549 2340 685 2425 magica
704 2340 833 2405 scilicet
851 2338 944 2404 illius
964 2361 1071 2428 opera
1091 2339 1196 2405 mira-

69 2446 223 2536 biliaque
247 2445 427 2513 maleficia.
457 2446 507 2513 Ea
532 2446 687 2536 profecto
714 2447 780 2512 fuit
799 2446 955 2528 materia,
979 2485 1023 2495 —
1041 2447 1196 2513 incanta-

68 2552 202 2618 tionum
222 2552 299 2619 dico
317 2553 529 2619 luculentam
555 2554 823 2643 descriptionem
835 2554 857 2635 ⁶,
888 2592 931 2602 -
954 2553 1093 2619 illarum
1112 2577 1196 2642 qua-

67 2680 295 2749 rumcumque
325 2661 595 2747 tragoediarum,
627 2683 715 2751 quae
744 2661 885 2750 quidem
913 2659 1010 2725 nulla
1038 2661 1106 2744 sui,
1128 2662 1196 2727 nisi

66 2766 209 2833 nomina
242 2769 375 2850 inania,
411 2769 447 2834 in
480 2767 827 2836 commentationibus
861 2771 1016 2834 veterum
1047 2768 1194 2853 vestigia

66 2873 240 2963 reliquere
263 2873 465 2964 :Euripidis
492 2875 635 2941 minoris
660 2875 805 2955 scilicet,
833 2874 1036 2963 Herillique,
1065 2873 1193 2942 Melan-

65 2979 215 3070 thiiquc,
244 2980 540 3070 Dicaeogenisque
567 2985 600 3047 et
623 2979 713 3047 Bioti
738 2980 805 3071 (vel
831 2981 945 3071 potius
970 2981 1087 3046 forsan
1113 2980 1192 3047 Dio-

65 3087 156 3174 nysii
174 3087 323 3178 tyranni)
344 3086 579 3156 Medearum⁸.

112 3191 182 3259 Sed
197 3198 231 3259 et
245 3193 339 3260 aliud
356 3217 495 3284 quoque
508 3192 650 3263 Medeae
664 3194 784 3261 fabula
801 3195 942 3282 tragicis
961 3195 1072 3284 poetis
1091 3217 1191 3285 prae-

96 3481 119 3531 1.
137 3482 296 3546 Arpoaaul„
312 3481 330 3530 l.
346 3480 386 3539 IV,
401 3496 426 3531 v.
441 3480 554 3530 350-409.

94 3551 118 3602 2.
137 3551 175 3602 ci.
191 3551 265 3610 inid,
280 3551 387 3601 350-390
407 3566 460 3600 cum
482 3553 546 3601 Aen.
571 3550 612 3612 ΙΙΙ,
635 3549 749 3611 305-330,
771 3550 885 3610 air-387,
905 3550 1016 3610 aaa-543,
1040 3554 1067 3600 ut
1088 3555 1148 3614 quot
1165 3557 1189 3601 et

62 3623 418 3686 quantadiscrepentvideas.
434 3623 515 3672 -De
530 3637 577 3686 quo
600 3622 725 3685 Apollonii
751 3623 805 3672 loco
828 3623 885 3671 vide
909 3622 981 3683 iufra,
1003 3623 1029 3670 iu
1052 3626 1137 3671 nostra
1157 3623 1188 3672 de
1257 3632 1260 3637 “

61 3693 165 3744 Didone
178 3695 361 3753 dissertatione,
375 3710 438 3744 x-m.

92 3765 117 3814 3.
134 3766 268 3826 Wrncaea,
284 3780 308 3828 p.
326 3766 373 3816 340
383 3766 503 3830 sqq.,625
517 3780 570 3829 sqq.
580 3780 586 3826 ;
597 3765 704 3825 Annuus,
720 3781 744 3829 p.
758 3765 877 3826 32Ἲ-329;
892 3766 1015 3825 Wseren,
1033 3783 1057 3829 p.
1073 3766 1120 3816 765
1132 3781 1186 3830 sqq.

92 3836 117 3886 4.
135 3836 206 3897 Quod
218 3838 318 3901 quidem
332 3842 453 3887 testantur
468 3839 548 3900 pictae
560 3837 729 3900 sculptaeque,
744 3852 806 3900 quae
821 3841 962 3899 supersunt,
977 3838 1074 3886 Jasonis
1089 3842 1113 3888 et
1132 3839 1188 3887 Me-

61 3909 123 3958 deae
137 3909 265 3972 imagines.
281 3909 358 3958 Multo
373 3911 436 3958 enim
449 3911 532 3972 plures
548 3923 590 3957 eae
609 3914 675 3971 sunt,
692 3909 733 3957 uhi
750 3909 836 3958 Medea
857 3909 967 3957 Palladis
982 3909 1046 3959 filias
1059 3911 1188 3973 decipiens

59 3980 101 4029 vel
111 3981 204 4029 liberos
219 3995 277 4030 suos
297 3981 425 4029 trucidans
441 3995 513 4043 quam
530 3995 573 4028 eae
594 3980 636 4029 ubi
653 3981 751 4030 tasonis
773 3994 855 4028 amore
870 3981 984 4042 perculsa
998 3981 1131 4043 effingitur.
1149 3981 1185 4033 Cf.

59 4050 91 4102 Ο.
106 4052 214 4111 Miimea,
230 4050 339 4101 Manuel
353 4051 558 4116 d'rlrchcolopie,
576 4051 646 4101 trud.
661 4053 708 4115 fr,
723 4057 741 4100 t.
754 4051 783 4111 ll,
795 4066 819 4113 p.
836 4051 881 4099 402
892 4065 964 4115 sqq.;
981 4052 1087 4102 Caeuzua
1098 4058 1122 4101 et
1132 4052 1187 4102 Gur-

59 4139 154 4182 camur,
169 4128 187 4172 t.
199 4123 240 4185 IV,
252 4127 327 4188 part.
343 4124 373 4182 ll,
388 4122 425 4186 pl.
442 4133 481 4170 n⁰⁸
496 4122 615 4182 646-650;
631 4124 715 4183 Buca,
731 4124 842 4172 Ancicnt
856 4124 972 4188 Pottery,
986 4140 1010 4188 p.
1022 4125 1076 4174 261.

91 4196 115 4246 5.
132 4195 197 4255 Quas
212 4200 293 4244 tamen
308 4195 403 4244 fabulas
418 4210 448 4243 ne
463 4196 554 4243 scimus
574 4196 672 4258 quidem
687 4210 744 4243 num
763 4195 905 4257 tragoediae
922 4197 1012 4244 fuerint
1033 4196 1080 4259 (Cf.
1101 4197 1186 4256 Parin,

62 4269 138 4330 Troy.
152 4281 234 4332 preca,
252 4271 268 4317 t.
285 4267 325 4325 ΙΙΙ,
342 4281 366 4329 p.
379 4265 510 4326 iol-155.)
526 4266 644 4316 Medeam
659 4281 755 4330 quoque
770 4266 891 4315 Drocrues
905 4268 1003 4330 quidam
1018 4270 1186 4331 composuisse

59 4338 158 4397 dicitur,
182 4339 226 4387 scd
248 4338 297 4398 ille,
319 4339 465 4402 quicumque
488 4339 540 4391 luit.
562 4342 617 4399 post
640 4337 772 4400 Vergilium
792 4338 885 4386 vixisse
904 4339 1002 4387 videtur
1018 4338 1064 4402 (Cf.
1088 4339 1185 4397 Cumas,

62 4409 165 4460 Griech.
184 4409 477 4474 literaturpeschichte,
493 4423 518 4471 p.
535 4408 581 4457 466
597 4414 621 4458 et
632 4408 697 4469 516).
