2844 4928
214 333 258 397 ll
664 350 741 396 vias
765 352 868 399 aaron.

178 595 181 598 ,
215 553 231 588 «
257 527 340 617 piat,
363 549 448 616 quas
467 527 665 616 reliquerat,
689 527 884 618 habeatque
903 526 1042 615 inferias
1056 546 1142 615 quas
1161 524 1336 591 habuerat

200 622 232 693 'a
258 655 377 700 causas
405 635 535 700 mortis.
567 634 662 701 Tunc
686 635 780 726 ipsos
804 635 979 701 ministros
1003 631 1206 721 aggreditur
1231 653 1239 701 :
1266 631 1336 697 sibi

214 741 398 830 «quidem
431 742 478 806 ait
509 746 662 831 optatam
691 743 773 808 olim
806 747 964 824 mortem,
997 740 1057 807 sed
1089 740 1158 808 illis
1188 738 1335 806 acerbos

212 874 228 908 a
256 848 426 914 cruciatus
446 853 480 913 et
498 847 574 914 dira
593 850 763 940 supplicia
780 850 972 929 imminere,
989 849 1049 938 qui
1060 847 1215 914 Acerbae
1232 868 1333 936 opes,

213 981 229 1015 α
256 976 402 1043 quarum
431 976 491 1044 spe
516 955 738 1044 parricidium
763 979 822 1022 rex
845 957 988 1037 fecerat,
1011 955 1173 1022 avaritiae
1193 954 1336 1042 tyranni

213 1088 229 1122 ι(
256 1060 497 1128 subtraxerint,
517 1066 589 1128 Hoc
610 1074 702 1128 metu
727 1063 879 1129 ouantibus
903 1063 1044 1152 injectu,
1067 1063 1208 1129 comites
1226 1060 1335 1146 fugae

214 1193 230 1228 a
256 1168 411 1258 accipit¹.
440 1195 456 1230 »

255 1274 351 1356 Quae
381 1282 504 1342 cuneta
534 1275 686 1342 breviter
719 1277 920 1344 contrahere
940 1300 1019 1344 non
1048 1278 1161 1343 minus
1190 1275 1334 1343 difficile

208 1381 361 1468 Vergilio
387 1383 519 1464 fuisset,
542 1405 646 1472 quam
665 1384 724 1452 illa
742 1387 819 1476 ipsa
837 1407 925 1474 quae
946 1384 1170 1451 memoranda
1194 1383 1302 1469 elegit
1325 1406 1333 1452 :

380 1578 565 1633 Conveniunt
579 1578 688 1644 quibus
703 1562 868 1631 aut'odium
883 1579 1002 1632 crudele
1017 1579 1144 1644 tyranni,

379 1661 439 1711 Aut
453 1663 552 1710 metus
566 1670 632 1711 acer
644 1663 718 1722 erat,
731 1664 785 1711 etc.

255 1828 324 1896 Cur
351 1829 457 1916 igitur
484 1829 550 1895 ista
578 1829 767 1896 omittenda
795 1836 927 1914 censet,
959 1853 1023 1897 nec
1052 1830 1161 1896 ullum
1188 1831 1222 1896 in
1256 1831 1334 1919 ejus

209 1937 404 2002 narratione
434 1942 543 2002 exstat
571 1937 755 2023 vestigium
780 1938 896 2020 istius,
917 1942 955 2003 ut
974 1939 1021 2004 ita
1040 1937 1165 2020 dicam,
1193 1960 1334 2004 comoe-

210 2041 299 2124 diae,
329 2064 398 2132 qua
425 2065 487 2109 usa
514 2042 602 2110 Dido
636 2043 896 2130 Pygmalionem
922 2046 1085 2134 primum,
1120 2044 1245 2112 deinde
1273 2068 1334 2113 ecs

162 2169 163 2172 ’
209 2150 304 2239 ipsos
323 2149 410 2215 fallit
428 2173 516 2239 quos
541 2150 643 2236 fugae
669 2152 810 2218 comites
838 2151 1049 2234 destinabat,
1072 2174 1184 2242 neque
1203 2153 1276 2218 ulla
1294 2152 1335 2218 fit

210 2256 342 2323 Elissae
366 2256 623 2324 mendaciorum
643 2264 677 2325 et
698 2258 829 2324 fraudis
856 2260 1010 2325 mentio?
1033 2258 1106 2325 Nisi
1135 2260 1217 2349 quia
1244 2260 1335 2327 nihil

211 2362 353 2429 Didonis
380 2364 537 2431 fallaciae
568 2386 606 2431 ac
634 2364 900 2432 dissimulationi
924 2365 1077 2432 tribuere
1101 2367 1187 2448 vult,
1210 2388 1334 2432 verum

211 2474 319 2537 totam
337 2470 432 2538 illam
452 2494 527 2538 esse
548 2472 717 2538 sinceram
737 2455 770 2537 et
788 2473 985 2558 ingenuam,
1007 2460 1114 2539 totam
1140 2495 1333 2559 generosae
1407 2522 1408 2526 η

211 2566 348 2661 indolis,
376 2579 462 2645 nihil
493 2579 623 2646 habere
655 2579 769 2646 callidi
797 2585 830 2645 et
856 2581 1064 2663 veteratorii‚
1096 2581 1182 2647 nihil
1217 2608 1233 2642 «
1266 2580 1333 2647 Pu-

211 2687 279 2752 nici
300 2687 315 2749 ?
337 2713 352 2747 n
551 2673 553 2676 V
1235 2682 1238 2688 ¹

255 2791 362 2882 Atqui
382 2815 451 2859 non
471 2794 582 2859 solum
602 2816 642 2859 ex
658 2792 724 2859 hoc
744 2815 882 2882 quoque
902 2792 978 2860 loco
998 2796 1124 2861 eminet
1149 2795 1207 2861 ille
1233 2796 1334 2863 lavor

212 2923 279 2990 quo
295 2899 465 2966 Didonem
477 2899 652 2986 Vergilius
668 2900 850 2988 complecti
864 2900 948 2966 mihi
962 2901 1119 2967 videtur²
1135 2943 1178 2951 —
1197 2901 1288 2991 (narn
1305 2905 1335 2970 si

212 3008 296 3096 quid
319 3008 350 3073 ei
379 3007 488 3074 dolosi
512 3012 615 3096 poeta
642 3007 754 3076 inesse
778 3007 955 3090 voluisset,
978 3014 1072 3074 tanto
1098 3011 1207 3096 magis
1229 3031 1335 3076 exeu-

212 3115 355 3197 sandus‚
378 3120 473 3180 tanto
502 3116 614 3182 minus
642 3114 782 3181 odiosus
810 3115 904 3180 visus
931 3115 1053 3182 fuisset
1079 3137 1156 3182 eam
1181 3116 1335 3200 derelin—

214 3244 322 3311 quens
342 3221 502 3311 Aeneas),
524 3262 568 3271 —
588 3221 649 3288 sed
678 3223 781 3288 etiam
807 3221 887 3287 inde
912 3224 1011 3310 quasi
1039 3223 1179 3312 oblique
1204 3225 1336 3314 petitur

214 3331 282 3397 alia
309 3329 479 3418 quaedam
512 3329 745 3419 praeparandi
777 3328 921 3395 Didonis
954 3331 989 3395 in
1017 3329 1171 3396 Aeneam
1205 3333 1335 3399 amoris

213 3437 312 3503 ratio.
334 3436 466 3527 Nempe
486 3435 573 3502 illud
591 3436 728 3525 quaerit
746 3432 922 3521 Vergilius
945 3445 983 3503 ut
1002 3438 1111 3503 multo
1131 3438 1337 3506 muliebrior

216 3545 273 3628 sit,
295 3584 339 3593 -
359 3545 386 3610 si
403 3544 528 3610 dixisse
548 3544 645 3626 licet,
667 3543 818 3608 -Dido
846 3566 908 3609 sua
927 3566 1031 3632 quam
1050 3544 1207 3611 fabulosa
1227 3545 1333 3630 Dido,

215 3673 284 3740 quo
304 3652 413 3737 magis
440 3651 637 3718 verisimilis
660 3650 818 3716 videatur
846 3652 1026 3740 magisque
1054 3651 1166 3718 vivide
1194 3651 1338 3743 depingi

214 3760 325 3849 possit
343 3760 465 3845 ingens
493 3758 565 3840 ille,
589 3781 657 3847 quo
680 3759 716 3823 in
735 3758 890 3824 Aeneam
914 3759 1059 3848 rapitur,
1083 3782 1189 3826 amor.
1224 3759 1338 3841 Quae-

217 3888 364 3956 cumque
397 3867 503 3952 igitur
531 3864 625 3955 apud
662 3869 796 3930 veteres
831 3864 1010 3931 historicos
1048 3868 1202 3932 mulieris
1238 3874 1340 3935 erant

219 3995 337 4040 sexum
356 3974 500 4038 nimium
521 3971 749 4058 egredientia,
785 3970 954 4057 neglegit,
976 3973 1036 4038 illa
1055 3972 1193 4039 demum
1219 3996 1237 4039 e
1265 3980 1339 4040 tra-

249 4169 272 4220 1.
290 4169 378 4219 Narrat
391 4168 455 4218 idern
472 4175 556 4218 auctor
570 4169 688 4217 Didonem
711 4166 783 4230 Cypri
799 4168 876 4217 obiter
890 4168 1051 4231 quadraginta
1064 4169 1173 4231 virgines
1187 4170 1339 4233 abripuisse,

219 4247 242 4289 et
257 4256 337 4290 secum
352 4241 495 4301 abduxisse,
511 4241 591 4303 Tyriis
614 4242 665 4289 suis
686 4239 822 4288 nubendas.
837 4238 933 4302 (XVlll,
948 4240 984 4302 5.)
996 4267 1028 4276 -
1043 4240 1079 4290 Cl.
1097 4240 1127 4288 de
1143 4242 1254 4290 Asteries
1266 4242 1338 4306 deae,

219 4313 427 4433 qppleunlrlbqplqu
442 4311 684 4373 Carthaginiensibus
698 4310 899 4369 coulundebatur,
917 4311 1024 4359 Perenna
1041 4317 1064 4360 et
1078 4312 1179 4371 Joaran,
1195 4313 1266 4362 Rom.
1283 4315 1339 4380 ny-

278 4422 293 4442 ..
332 4421 339 4447 ,
404 4423 409 4436 .

251 4455 273 4506 2.
293 4455 329 4505 Cf.
346 4470 428 4518 supro,
445 4470 469 4518 p.
483 4454 521 4514 li,
538 4469 562 4506 n.
580 4455 601 4502 1.
