2844 4928
515 332 613 378 orror
638 332 771 378 raruuu.
1162 313 1203 376 17

80 509 336 595 Ambigebatur
353 507 442 575 illud
460 530 598 597 qnoque
618 510 708 575 inter
721 513 868 590 veteres,
886 513 1013 589 utrum,
1031 531 1052 575 a
1071 508 1204 576 Theseo

80 621 269 705 postquam
291 613 413 682 fuisset
436 613 617 697 derelicta,
645 619 903 704 praematuram
927 619 1075 681 mortem
1099 616 1204 705 paulo

81 727 162 812 post
183 720 265 811 (sive
286 744 306 787 a
325 721 435 788 Diana
456 722 584 805 occisa,
608 722 679 789 sive
698 721 893 788 voluntaria
913 721 1034 812 morte)
1063 722 1206 789 obiisset

82 853 127 897 an
155 834 291 912 contra,
321 833 513 919 superstes,
545 829 687 917 Dionysi
713 830 803 896 lacta
830 829 952 897 fuisset
981 829 1037 895 vel
1065 828 1207 916 Dionysi

81 937 266 1024 cujusdam
290 937 477 1006 sacerdotis
501 959 597 1019 uxor,
625 960 665 1003 ex
690 959 838 1027 quorum
865 937 1031 1002 alterutro
1055 936 1203 1019 liberos,

82 1044 212 1114 etillos
232 1044 416 1134 plurimos,
439 1045 642 1133 peperisset

126 1151 209 1218 Inde
229 1152 305 1218 fieri
326 1150 503 1217 debuitut
465 1153 616 1217 utvaria
640 1173 778 1240 quoque
803 1152 890 1217 mult
877 1151 1054 1240 tiplicique
1074 1153 1205 1218 ratione

81 1267 116 1327 et
142 1260 348 1326 incertum
340 1281 376 1325 1n
406 1258 548 1325 modum
580 1257 769 1324 delinearet
756 1264 812 1325 tur
843 1282 861 1325 a
895 1260 1005 1348 poetis
1038 1258 1201 1325 Ariadna.

80 1369 202 1457 Neque
233 1366 338 1449 illius,
364 1371 528 1456 tanquam
544 1366 828 1447 ..Andromachae
850 1371 1009 1435 constans
1034 1365 1205 1454 quaedam

81 1475 176 1541 stetit
208 1497 247 1540 ac
276 1496 413 1563 semper
441 1474 493 1539 sui
529 1474 649 1539 similis
678 1475 814 1561 imago,
850 1496 956 1563 quam
985 1479 1107 1564 poetae
1136 1496 1204 1539 non

81 1586 307 1664 commutare,
339 1582 406 1647 nisi
434 1580 623 1662 tantillum,
654 1580 833 1661 auderent,
868 1580 928 1650 sed
958 1603 999 1647 ea
1027 1601 1132 1670 quam
1161 1579 1206 1646 ad

78 1689 218 1755 libitum
237 1689 488 1777 unusquisque,
511 1693 614 1777 prout
640 1689 775 1753 animus
790 1688 942 1770 ferebat,
965 1687 1201 1753 informaret¹.

127 1796 214 1862 Tum
246 1817 329 1862 vero
363 1818 404 1861 ex
435 1795 550 1861 adhuc
579 1797 722 1862 servatis
754 1797 908 1884 picturae
938 1795 1205 1885 scalpturaeque

82 1903 340 1970 monumentis²
361 1902 564 1987 ostenditur,
587 1925 664 1969 eam
688 1926 708 1969 a
731 1904 842 1992 poetis
867 1925 1022 1992 quoque,
1044 1941 1088 1950 —
1114 1900 1205 1990 (nam

82 2016 206 2101 poetae
227 2010 416 2077 artificibus
437 2015 640 2096 argumenta
660 2010 903 2100 praebebant),
925 2010 1205 2100 -potissimum

78 2120 188 2185 'fuisse
208 2124 389 2184 tractatam
408 2117 603 2184 Ariadneae
622 2118 760 2184 fabulae
780 2124 914 2208 partem
937 2141 1005 2207 qua
1033 2116 1205 2185 Cretensis

84 2224 237 2292 heroidis
258 2225 413 2291 divinum
434 2224 635 2311 conjugium
662 2229 695 2290 et
715 2226 860 2313 mystica
881 2227 916 2290 in
939 2224 1112 2314 Superum
1141 2246 1206 2289 nu-

84 2354 220 2399 merum
235 2333 334 2422 quasi
352 2333 542 2422 assumptio
558 2332 827 2399 celebraretur³.
848 2332 941 2398 Duas
959 2332 1065 2398 fuisse
1081 2329 1206 2398 Ariad-

85 2462 164 2519 nam
198 2441 227 2509 si
256 2439 442 2506 Plutarcho
469 2439 673 2524 credideris,
700 2462 720 2506 a
748 2440 922 2506 nonnullis
948 2439 1208 2506 existimabatur

84 2549 175 2615 inter
202 2548 351 2615 Graecos
377 2548 553 2637 scriptoris
577 2549 676 2614 istius
698 2548 892 2637 aequales:
920 2547 975 2613 vel
999 2548 1114 2636 potius
1139 2546 1207 2612 duo

84 2655 225 2720 luerunt
244 2653 416 2721 Ariadnae
436 2654 568 2737 vultus,
590 2655 697 2721 tristis
716 2655 772 2721 hic
793 2660 827 2720 et
845 2676 1071 2720 aerumnosus
1096 2659 1130 2720 et
1148 2654 1211 2719 hu-

86 2783 223 2845 manus,
247 2762 383 2829 divinus
402 2762 487 2828 ille⁸
505 2762 717 2852 festivusque
739 2763 825 2829 etin
845 2785 914 2852 quo
935 2761 1064 2829 erotica
1082 2761 1212 2827 laetitia

86 2870 188 2960 quasi
215 2868 402 2936 renideret.
442 2868 547 2956 Cujus
580 2875 696 2937 autem
724 2870 883 2936 bifrontis
913 2869 1087 2936 Ariadnae
1120 2870 1211 2935 hanc

86 2979 331 3068 potiusquam
356 2977 452 3043 illam
480 2998 613 3047 amasse
645 2983 780 3067 veteres
806 2983 926 3067 poetas
954 2982 988 3044 et
1013 2975 1210 3067 depinxisse

88 3306 137 3368 ἄρα
156 3310 218 3358 θεῶν
241 3301 392 3370 ἀντεραστής
408 3325 455 3364 μου
471 3310 603 3371 γενόμενος
621 3307 778 3370 Καλλιρρόην
801 3303 941 3373 ἆπενήνοχε
955 3309 1000 3358 καὶ
1021 3311 1064 3358 νῦν
1084 3308 1135 3372 ἔχει
1158 3308 1213 3370 μεθ’

88 3375 166 3429 αὐτοῦ
184 3378 216 3442 μὴ
236 3378 386 3429 θέλουσαν...
403 3376 479 3428 Οὕτω
499 3379 543 3428 καὶ
560 3378 665 3442 Θησέως
689 3377 822 3442 Ἀρίαδνην
843 3377 955 3444 ἀφείλετο
974 3381 1153 3437 Διόνυσος...»
1173 3377 1210 3426 Cr.

88 3450 160 3508 laun,
175 3464 216 3512 op.
232 3450 283 3507 cit,
297 3464 322 3511 p.
338 3449 384 3498 276
399 3464 452 3512 sqq.

121 3522 144 3571 1.
163 3521 263 3569 Etiamsi
283 3522 432 3570 recentiores
451 3525 538 3584 poetae
558 3522 589 3570 ab
610 3521 740 3584 Apollonio
761 3538 837 3586 usqne
860 3523 891 3572 ad
914 3521 1028 3571 Ovidium
1048 3521 1181 3570 Ariadnam
1200 3535 1215 3570 a

88 3593 184 3641 Theseo
206 3593 267 3640 male
292 3592 412 3654 proditam
437 3593 529 3655 fingere
551 3593 647 3711 potinsf
657 3593 808 3653 habuerunt,
831 3609 881 3642 non
902 3594 961 3642 inde
985 3594 1095 3656 sequitur
1118 3593 1214 3655 priores

88 3677 185 3727 quoque
204 3664 303 3726 saepius
325 3663 388 3711 banc
407 3663 494 3712 famam
519 3664 647 3713 secutosf
648 3665 721 3713 uisse.
753 3665 791 3714 Cf.
820 3666 941 3714 Homerici
964 3664 1115 3714 scholiastae
1134 3665 1213 3713 locum

88 3749 163 3798 supra
178 3736 276 3783 citatum
289 3735 320 3782 de
334 3735 460 3798 νεωτέρων
478 3736 602 3798 opinione.

119 3806 143 3855 2.
163 3805 200 3855 Cl.
221 3805 249 3855 O
272 3805 347 3865 lius,
370 3804 495 3855 Archelai.
520 3807 577 3855 Brit
567 3807 657 3871 helpe,
678 3823 701 3870 p
729 3762 849 3869 255-25d;
871 3807 932 3859 257-
933 3808 993 3870 265;
1013 3807 1075 3856 274-
1077 3807 1123 3857 275
1142 3797 1211 3870 sqq.,

88 3877 204 3940 281sqq.

119 3948 174 3999 3.«
193 3949 246 3997 Eia
259 3948 345 4014 pleicb
361 3947 483 3999 celietter
500 3950 666 4014 Gepenrtond
683 3952 788 4015 ferdia
803 3952 926 4002 hilderado
947 3954 1033 4003 Kuost
1047 3954 1094 4002 wie
1107 3953 1154 4014 fdr
1171 3951 1213 4001 die

86 4021 174 4086 poesie
188 4021 233 4069 der
246 4025 361 4083 spateren
376 4021 427 4069 Zeit
441 4036 495 4070 war
510 4021 552 4070 die
562 4024 616 4085 uit(
622 4024 712 4072 Naxos
724 4039 772 4072 oon
784 4025 896 4075 Theseus
906 4025 1052 4074 certassem
1062 4023 1187 4074 Ariadne.
1200 4043 1212 4068 »

89 4093 169 4155 Atque
188 4093 213 4140 in
232 4092 380 4155 imaginibus
403 4093 452 4140 illis
476 4112 488 4136 c
507 4094 550 4142 die
575 4095 750 4160 Vereinipanp
771 4097 817 4145 der
840 4097 1001 4146 trauemdea
1023 4097 1142 4146 Ariadne
1165 4095 1213 4143 mit

89 4165 217 4228 Dionysos
230 4162 393 4229 qescbicbt...
408 4164 580 4228 pewdlrnlict.
599 4185 610 4210 »
633 4166 717 4228 Smne,
733 4168 787 4216 loco
804 4169 886 4218 citato.
904 4167 940 4223 Cf,
959 4169 1107 4226 Pressuram,
1126 4167 1145 4226 l,
1162 4165 1211 4227 20;

90 4236 281 4294 Pmnosrmrum
295 4232 411 4296 Εἷκόνεςς
427 4235 510 4297 Braur,
527 4252 566 4300 op.
583 4239 636 4297 cit,
652 4254 676 4301 p.
689 4238 749 4298 225,
767 4239 821 4301 238,
837 4239 896 4301 240;
914 4241 1020 4290 Cnsuzaa
1034 4244 1058 4288 et
1072 4239 1211 4300 Garamam,

91 4322 131 4370 op.
149 4308 321 4370 supracitato.

122 4377 145 4427 4.
164 4377 199 4427 De
214 4392 262 4441 quo
276 4393 299 4428 r.
316 4379 424 4429 Onnuzna
435 4383 460 4429 et
473 4378 612 4440 Garanum,
630 4381 659 4430 0.
677 4381 784 4443 Minora,
800 4381 883 4443 Sronn,
900 4383 941 4433 ubi
956 4397 1039 4446 supra.
