2844 4928
572 349 671 395 cerm
696 349 846 395 nannum.
1228 322 1272 396 lt)

147 525 263 592 solum
288 524 330 600 de
353 546 424 591 una
451 524 572 614 quavis
597 524 752 607 dearum,
786 524 976 592 sedetiam
1004 523 1047 590 de
1076 546 1178 612 maga
1208 525 1274 592 dea

147 638 283 718 agatur.
305 631 436 698 Eorum
455 633 563 718 igitur
581 655 671 722 quae
691 633 747 699 vel
767 633 868 700 sentit
887 632 947 698 illa
963 630 1018 697 vel
1038 632 1120 717 agit,
1142 634 1272 699 nullam

148 738 216 810 sihi
250 738 464 806 reddendam
501 740 670 806 rationem
702 762 770 806 non
805 740 977 805 immerito
1011 740 1143 805 censuit
1175 747 1273 807 vetus

147 852 263 937 poeta.
289 846 383 912 Nihil
412 847 503 913 enim
528 869 640 936 neque
667 847 909 928 «ethicum»,
935 868 1048 935 neque
1069 848 1173 913 etiam
1200 871 1274 914 cor-

147 975 295 1044 poreum
317 944 454 1020 Circam
471 952 612 1021 adducit
630 958 668 1019 ut
689 953 849 1041 Ulyssum
864 958 972 1033 amet3
994 975 1037 1019 ne
1050 952 1118 1019 dici
1131 954 1273 1043 quidem

147 1065 263 1151 potest
295 1055 399 1126 deam
426 1060 599 1127 solitariae
627 1060 896 1127 immortalitatis
930 1060 1100 1137 taedere¹‚
1129 1083 1210 1128 nam
1235 1063 1272 1127 in

147 1167 357 1237 fascinandis
373 1167 456 1234 feris
473 1167 627 1255 jucunde
647 1172 835 1258 occupatur
855 1172 889 1233 et
903 1167 1070 1233 mutanda
1088 1169 1170 1234 satis
1190 1190 1273 1254 gau·
1323 1164 1332 1179 '⁴

148 1275 207 1342 det
226 1297 346 1342 eorum
370 1276 431 1365 qui
450 1297 598 1362 regnum
618 1297 719 1341 suum
739 1274 954 1365 appulerunt
973 1275 1098 1360 figura.
1115 1275 1271 1365 Domum

147 1383 224 1470 ejus
252 1383 375 1450 Graeci
402 1384 723 1474 appropinquantes
746 1383 875 1448 hilares
901 1386 1020 1450 cantus
1045 1381 1130 1448 deae
1156 1383 1270 1449 fusum

146 1491 315 1557 versantis
336 1490 501 1573 audiunt;
532 1492 661 1581 quippe
687 1512 775 1579 quae
801 1491 890 1556 vitae
910 1512 992 1556 suae
1012 1490 1143 1557 ratione
1168 1490 1270 1558 valde
1312 1543 1315 1549 i

147 1603 308 1664 contenta
326 1597 413 1663 nihil
432 1597 527 1664 aliud
546 1602 696 1688 exoptet.

161 1709 163 1712 ’
190 1705 302 1771 Immo
320 1706 412 1771 utin
433 1706 642 1772 consortium
661 1704 804 1771 thalami
819 1704 980 1792 Ulyssem
996 1704 1093 1771 Circa
1113 1705 1268 1788 advocet,

145 1835 189 1879 ne
208 1812 275 1878 hcc
294 1812 436 1902 quidem
460 1812 543 1878 utile
569 1816 673 1902 poeta
697 1812 904 1878 existimavit
922 1816 960 1878 ut
985 1812 1185 1878 coelestium
1211 1813 1271 1879 ali-

146 1942 252 2011 quem
278 1941 400 1987 saevae
427 1919 513 1986 deae
539 1920 696 1986 nonnihil
722 1919 986 1986 benevolentiae
1007 1941 1091 2006 erga
1109 1919 1271 2009 Ulyssem

145 2023 364 2094 infunderet.
391 2027 535 2114 Magicis
563 2027 694 2094 artibus
719 2049 822 2113 maga
844 2027 1004 2110 vincitur,
1033 2027 1185 2094 violenta
1208 2029 1268 2111 vi3

145 2135 350 2202 validiorem
380 2141 414 2202 et
442 2135 655 2202 callidiorem
677 2135 851 2225 hospitem
872 2141 985 2220 nacta,
1014 2136 1169 2218 miratur,
1196 2158 1270 2203 me-

146 2243 234 2309 tuit⁸
254 2249 288 2309 et
307 2222 401 2310 amat
414 2243 436 2310 ⁸.

191 2350 314 2417 Divino
334 2356 453 2417 contra
473 2350 650 2441 Cupidinis
669 2351 865 2417 interventu
891 2351 981 2432 freti,
1002 2351 1207 2440 Apollonius
1234 2353 1270 2418 in

145 2457 279 2541 Medea,
303 2456 455 2524 Catullus
479 2458 513 2522 in
533 2457 704 2537 Ariadna,
726 2458 813 2524 nihil
834 2458 924 2524 ultra
944 2480 1112 2547 quaerere
1138 2465 1197 2525 aut
1217 2481 1272 2524 ex-

146 2565 277 2655 plicare
306 2571 525 2632 curaverunt.
547 2563 724 2655 Cupidinis
749 2566 926 2646 instinctu,
949 2564 1091 2633 Medeae
1115 2565 1151 2630 in
1174 2564 1274 2632 laso-

146 2694 239 2753 nem,
264 2671 437 2738 Ariadnae
465 2672 501 2737 in
540 2671 712 2738 Theseum
748 2694 817 2739 non
844 2673 958 2738 minus
995 2678 1139 2761 repente
1169 2695 1272 2761 quam

147 2778 267 2846 Circae
286 2781 321 2846 in
345 2777 501 2868 Ulyssem
522 2781 672 2870 erumpit
688 2784 721 2845 et
740 2778 928 2845 effunditur
947 2801 1055 2846 amor.

191 2886 259 2954 Ubi
284 2887 435 2976 primum
461 2885 636 2968 Jasonem‚
663 2888 754 2953 inter
783 2887 925 2953 comites
949 2887 1207 2976 pulchritudine
1240 2894 1274 2954 et

146 2995 260 3081 gratia
277 2995 444 3060 nitentem
464 2993 570 3075 videt,
593 2993 715 3061 Medea
734 3015 823 3082 quae
845 2994 1068 3083 tranquillam
1090 2994 1204 3061 adhuc
1222 2997 1274 3063 vi-

146 3107 219 3167 tam
234 3102 268 3166 in
282 3105 426 3190 paterna
445 3099 548 3166 domo
567 3099 778 3182 traduxerat,
802 3098 867 3168 sihi
887 3101 922 3165 in
938 3106 1077 3190 pectore
1098 3124 1158 3175 cor
1171 3102 1273 3169 salire

147 3215 183 3275 et
201 3208 330 3275 micare
350 3209 472 3290 sentit;
494 3213 713 3296 praesentem
732 3207 875 3273 heroem
897 3208 1065 3289 clancula
1092 3208 1272 3276 sublevato

146 3315 374 3399 ve10,oculis
403 3315 568 3397 devorat;
600 3314 751 3384 absentis
778 3313 949 3397 habitum,
977 3315 1097 3398 verba,
1125 3322 1268 3389 vestem.

179 3521 202 3573 1.
222 3521 280 3579 oc„
297 3521 329 3584 X,
342 3520 390 3570 212
399 3535 463 3584 sqq„
481 3520 537 3570 221.

179 3593 203 3640 2.
222 3592 323 3642 Hermes
337 3592 420 3655 Ulyssi
438 3592 594 3654 praenuntiat
608 3591 676 3640 illum
697 3606 711 3641 a
730 3591 782 3640 Dea
801 3597 906 3641 amatum
922 3593 952 3641 iri
975 3591 1045 3656 (Od,
1060 3592 1092 3652 X,
1112 3592 1167 3651 295,
1187 3592 1270 3656 sqq.);

146 3662 210 3712 nihil
223 3668 302 3712 autem
320 3663 413 3711 confert
428 3667 454 3711 ut
467 3667 569 3712 ametur.

178 3733 202 3784 3.
220 3734 398 3786 Υποδδείσασα
416 3734 485 3796 (ou,
502 3734 533 3795 X,
551 3733 618 3798 297).

178 3806 201 3854 4.
215 3805 262 3857 Od.
272 3806 303 3869 X,
318 3805 363 3855 321
380 3821 427 3869 sq,
441 3806 487 3855 326
502 3821 571 3869 sqq.:
593 3806 686 3870 Θᾰυμα
702 3809 727 3870 μ’
742 3807 823 3872 ἔχει...

353 3927 419 3982 Otnt
433 3931 490 3994 γὰρ,
504 3928 560 3982 otae
575 3950 610 3988 τις
626 3930 700 3990 ἄλλος
716 3931 777 3998 ἅνηρ
793 3929 851 3982 τάδε
866 3930 967 3995 φάρμακ
980 3926 1087 3994 'dritta

351 4003 377 4060 ὅς
390 4023 417 4053 κε
431 4001 475 4066 nia
479 4039 526 4053 .....

354 4075 424 4124 Ἀλλ’
439 4074 482 4139 ἄγε
494 4074 522 4136 δὴ
538 4079 618 4125 acheo)
632 4074 674 4139 μὲν
691 4075 736 4139 ἄορ
751 4077 799 4138 θέο,
817 4083 864 4124 νῶΐ
879 4076 992 4126 etitem

349 4143 419 4208 εὐνῆς
431 4147 549 4213 ἡμετέρης
564 4146 731 4208 ἐπιὸείομεν...

178 4271 275 4322 Nullum
298 4273 362 4335 apud
387 4271 483 4321 Circam
508 4273 629 4335 reperitur
654 4272 768 4322 benevoli
792 4272 928 4335 cujuspiam
945 4272 1047 4321 allectus
1071 4273 1197 4330 indicium,
1221 4259 1288 4321 nisi

148 4344 210 4393 torte
224 4344 323 4406 qnando
344 4342 439 4407 Ulyssis
460 4344 569 4403 comites,
587 4344 705 4406 pristinae
726 4344 819 4393 formae
839 4342 939 4402 redditi,
956 4356 1015 4406 prae
1037 4344 1125 4406 gaudio
1140 4344 1269 4408 reciperati

147 4415 240 4466 domini
257 4415 414 4466 lacrimantur
432 4413 502 4480 (Oct,
519 4414 549 4477 X,
565 4413 680 4479 398-399)
697 4432 703 4466 :
719 4417 762 4467 θεὰ
772 4417 895 4479 δ’ἐλέαιρε
905 4415 949 4466 καὶ
960 4412 1032 4479 αὐτή,
