2844 4928
216 301 237 365 2
673 324 750 370 raas
774 323 878 371 aaron.

214 497 393 563 universas
413 498 447 562 in
469 497 628 564 manibus
654 498 824 566 habemus
844 504 903 566 aut
923 499 1050 588 epicam,
1071 500 1141 562 ‘aut
1167 498 1337 584 tragicas,

215 609 274 669 aut
302 604 444 692 lyricas,
473 606 543 670 sive
563 628 709 691 graecae
736 628 798 673 scu
815 608 944 673 latinae
968 604 1182 693 antiquitatis
1201 605 1341 671 Andro-

214 709 366 777 machas.
434 795 437 803 1
871 727 873 731 ’

258 816 415 906 Namque
445 817 534 884 illud
557 819 847 887 considerandum
880 824 947 901 est,
984 820 1017 884 in
1048 819 1140 885 tertii
1173 818 1339 885 Aeneidis

214 924 295 990 libri
317 923 402 990 locis
431 924 492 990 ubi
521 926 678 992 Hectoris
703 949 787 992 uxor
814 927 849 992 in
874 947 1000 1015 poema
1028 924 1243 1008 adsciscitur,
1271 926 1340 992 hoc

214 1031 356 1096 demum
376 1033 447 1116 agi,
471 1055 556 1121 quas
585 1055 709 1123 nempe
734 1032 795 1099 illa
820 1034 976 1099 fortunae
1003 1034 1108 1114 vices,
1130 1033 1166 1097 in
1194 1033 1340 1098 servitu-

215 1141 285 1203 tem
313 1141 392 1227 post
428 1138 647 1204 interfectum
685 1139 931 1228 Astyanactem
969 1139 1131 1228 abrepta,
1173 1139 1336 1223 subierit,

216 1246 488 1337 quoqueqanimo
508 1246 718 1312 toleraverit.

261 1350 411 1440 Cyclicos
432 1357 547 1417 autem
560 1354 621 1441 qui
635 1352 922 1442 dicunturpoctas
932 1353 1119 1442 siprimum
1128 1352 1334 1442 respexeris

214 1457 292 1523 illos
313 1479 388 1524 esse
401 1459 555 1549 profecto
575 1459 755 1549 fateorqui
774 1460 945 1549 principio
960 1460 1155 1524 invenerint
1167 1465 1226 1525 aut
1238 1459 1336 1548 prius

214 1565 354 1631 inventa
373 1565 576 1652 collegerint
595 1588 637 1632 ea
664 1589 752 1655 quae
781 1568 937 1656 captivae
960 1565 1178 1656 Neoptolemi
1196 1565 1336 1631 Andro-

215 1672 358 1739 machae
392 1673 557 1741 accidisse
587 1673 680 1763 apud
713 1679 847 1740 veteres
877 1674 970 1740 fama
1001 1674 1114 1740 fuerit.
1136 1673 1267 1740 Verum
1295 1695 1338 1738 ea

216 1802 236 1844 a
259 1780 369 1868 poetis
389 1780 457 1848 illis
482 1781 530 1846 ita
550 1781 705 1870 exposita
723 1781 828 1847 fuisse
849 1803 916 1847 non
939 1782 1093 1850 existimo
1113 1782 1203 1847 utin
1223 1779 1338 1846 lucem

214 1886 398 1971 insigniter
416 1887 630 1977 proferretur
649 1887 910 1954 Andromachae
930 1888 1075 1954 indoles

260 1994 378 2060 Primo
408 1996 500 2061 enim
533 1994 668 2061 nullum
698 2018 852 2085 unquam
880 1996 986 2062 fuisse
1016 1993 1058 2062 de
1089 1996 1170 2062 solis
1198 1993 1338 2060 Andro-

214 2098 358 2166 machae
387 2101 523 2170 casibus
553 2123 676 2191 poema
706 2103 871 2168 traditum
900 2108 962 2170 est.
985 2103 1055 2168 Nec
1080 2104 1219 2183 mirum,
1242 2123 1334 2183 cum,

216 2207 362 2273 Hectore
383 2214 417 2273 et
435 2208 642 2296 Astyanacte
667 2210 828 2292 mortuiS,
851 2209 999 2275 multum
1024 2209 1066 2275 de
1092 2208 1338 2275 Andromacha

215 2314 465 2381 detraheretur.
486 2314 625 2382 Scilicet
639 2317 795 2382 totam'in
811 2315 876 2382 hoc
892 2337 965 2382 esse
983 2315 1136 2381 nobilem
1152 2315 1247 2381 illam
1261 2337 1338 2380 rnu-

214 2423 347 2506 liercm,
370 2423 509 2511 qualem
528 2423 698 2515 Homerus
719 2423 908 2505 effinxerat,
930 2423 1125 2506 videbatur,
1151 2429 1190 2488 ut
1215 2422 1337 2488 defen-

216 2526 330 2595 sorem
351 2551 451 2595 suum
471 2530 601 2619 filiique
623 2535 766 2612 amaret,
788 2529 966 2619 liliumque
991 2529 1116 2595 deinde
1139 2531 1216 2620 ipsa
1239 2552 1336 2595 ama-

215 2636 386 2703 tissimum
407 2636 617 2703 defenderet.
642 2636 777 2703 Viduae
800 2642 915 2702 autem
944 2636 1102 2724 conjugis
1132 2644 1165 2703 et
1193 2636 1336 2702 orbatae

215 2745 335 2810 matris
355 2745 426 2810 vita
446 2744 673 2829 subsequens
695 2750 730 2810 et
752 2744 942 2827 servitium,
968 2749 1002 2811 et
1022 2745 1191 2811 secundae
1212 2767 1251 2810 ac
1267 2749 1337 2809 ter-

171 2845 173 2851 ’
214 2854 282 2918 tiae
301 2853 455 2942 nuptiae,
477 2851 564 2917 nihil
590 2851 657 2916 nisi
683 2834 845 2937 frigidam
872 2858 906 2918 et
932 2853 1058 2919 siccam
1081 2857 1204 2943 poetae
1228 2857 1338 2917 mate-

214 2960 302 3026 riam
330 2958 621 3048 suppeditassent,
644 2959 942 3049 periculosiusque
962 2961 1020 3026 ille
1040 2981 1225 3046 aggressus
1245 2964 1338 3025 esset

213 3067 402 3156 inceptum,
424 3067 484 3156 qui
502 3066 657 3153 trojanae
677 3067 778 3132 unius
799 3067 1022 3132 mulierculae
1042 3067 1214 3133 aerumnis
1231 3065 1337 3133 Grae-

215 3197 272 3240 cos
290 3175 435 3240 lectores
462 3174 600 3240 allicere
621 3179 655 3240 et
681 3173 836 3240 detinere
856 3173 1078 3255 destinasset,
1110 3196 1150 3240 eo
1173 3196 1335 3262 praeser-

214 3283 277 3347 tim
296 3287 468 3370 tempore,
492 3303 560 3370 quo
585 3281 740 3346 noudum
766 3281 870 3366 longo
899 3280 1091 3347 litterarum
1119 3304 1182 3347 usu
1203 3287 1236 3346 et
1255 3281 1335 3370 phi-

214 3382 374 3478 losophia
394 3389 562 3470 excultos,
585 3410 697 3476 neque
720 3386 832 3453 adhuc
853 3388 989 3476 saepius
1009 3387 1134 3454 auditis
1154 3388 1335 3474 gentilium

214 3496 361 3561 heroum
397 3495 607 3563 facinoribus
639 3494 796 3577 satiatoS,
835 3494 983 3562 Graecos
1019 3497 1149 3562 Graeca
1186 3496 1334 3561 maxime

216 3608 249 3670 et
269 3603 393 3670 bellica
411 3602 611 3688 tangebant.
634 3601 788 3668 Primum
818 3601 970 3668 omnium
997 3602 1102 3668 fuisse
1131 3602 1334 3693 Euripidem

214 3710 312 3775 facile
333 3709 551 3790 crediderim,
575 3709 645 3790 cui,
668 3747 711 3756 -
730 3712 850 3797 utpote
872 3735 887 3768 ι(
908 3706 1053 3774 humani
1077 3709 1161 3783 nihil
1184 3738 1199 3771 »
1220 3733 1241 3775 a
1263 3716 1334 3775 tra-

214 3817 340 3902 goedia
367 3816 518 3883 alienum
545 3817 692 3905 putanti,
723 3837 812 3880 nova
840 3815 1015 3905 ceteroqui
1046 3818 1267 3900 consectanti,
1289 3855 1334 3865 -

215 3924 403 3989 domestica
422 3924 482 3988 illa
505 3929 539 3988 ct
560 3923 753 3988 umbratilis
775 3928 808 3988 et
835 3923 934 4011 qumi
961 3925 1126 4010 gynecaei
1155 3924 1333 4009 tragoedia

214 4031 395 4119 placuerit,
417 4031 560 4120 quaein
584 4029 848 4095 Andromachae
875 4051 953 4095 cum
981 4030 1168 4096 llermioua
1195 4037 1333 4096 conteu-

213 4138 305 4203 tioue
326 4143 495 4204 versatur.

257 4244 357 4310 Adde
386 4244 479 4334 quod
507 4244 532 4309 ii
559 4245 626 4333 ipsi
651 4245 739 4309 inter
767 4264 909 4329 graecos
937 4244 1113 4332 epicorum
1142 4246 1332 4311 carminum

215 4352 399 4441 scriptores
420 4351 491 4440 qui,
512 4389 556 4401 -
577 4351 648 4417 sive
671 4351 706 4416 in
731 4348 940 4439 quibusdam
965 4350 1007 4416 de
1033 4351 1183 4417 exscidio
1207 4351 1331 4439 Trojae

69 4586 377 4650 aaa*
