<?xml version="1.0" encoding="UTF-8"?>
<!DOCTYPE html PUBLIC "-//W3C//DTD XHTML 1.0 Transitional//EN"
    "http://www.w3.org/TR/xhtml1/DTD/xhtml1-transitional.dtd">
<html xmlns="http://www.w3.org/1999/xhtml" xml:lang="en" lang="en">
 <head>
  <title>
</title>
<meta http-equiv="Content-Type" content="text/html;charset=utf-8" />
  <meta name='ocr-system' content='tesseract 3.04.00' />
  <meta name='ocr-capabilities' content='ocr_page ocr_carea ocr_par ocr_line ocrx_word'/>
</head>
<body>
  <div class='ocr_page' id='page_1' title='image "./devergilioininf00rbgoog_0158.png"; bbox 0 0 2844 4928; ppageno 0'>
   <div class='ocr_carea' id='block_1_1' title="bbox 565 305 1268 388">
    <p class='ocr_par' dir='ltr' id='par_1_1' title="bbox 565 305 1268 388">
     <span class='ocr_line' id='line_1_1' title="bbox 565 305 1268 388; baseline -0.014 -9"><span class='ocrx_word' id='word_1_1' title='bbox 565 331 663 379; x_wconf 76' lang='lat' dir='ltr'><strong>emur</strong></span> <span class='ocrx_word' id='word_1_2' title='bbox 686 329 848 388; x_wconf 72' lang='lat' dir='ltr'><strong>cularum.</strong></span> <span class='ocrx_word' id='word_1_3' title='bbox 1205 305 1268 371; x_wconf 82' lang='lat'><strong>135</strong></span> 
     </span>
    </p>
   </div>
   <div class='ocr_carea' id='block_1_2' title="bbox 145 502 1272 1237">
    <p class='ocr_par' dir='ltr' id='par_1_2' title="bbox 147 502 1272 1022">
     <span class='ocr_line' id='line_1_2' title="bbox 193 502 1267 592; baseline -0.007 -19"><span class='ocrx_word' id='word_1_4' title='bbox 193 503 326 592; x_wconf 86' lang='lat' dir='ltr'><strong>Conjux</strong></span> <span class='ocrx_word' id='word_1_5' title='bbox 345 503 427 570; x_wconf 91' lang='lat' dir='ltr'><strong>olim</strong></span> <span class='ocrx_word' id='word_1_6' title='bbox 451 509 607 570; x_wconf 83' lang='lat' dir='ltr'><strong>mortuus</strong></span> <span class='ocrx_word' id='word_1_7' title='bbox 627 509 698 586; x_wconf 89' lang='lat' dir='ltr'><strong>est;</strong></span> <span class='ocrx_word' id='word_1_8' title='bbox 720 526 811 570; x_wconf 92' lang='lat' dir='ltr'><strong>nunc</strong></span> <span class='ocrx_word' id='word_1_9' title='bbox 829 503 917 590; x_wconf 82' lang='lat' dir='ltr'><strong>sugit</strong></span> <span class='ocrx_word' id='word_1_10' title='bbox 936 505 1088 585; x_wconf 88' lang='lat' dir='ltr'><strong>amicus;</strong></span> <span class='ocrx_word' id='word_1_11' title='bbox 1112 509 1148 568; x_wconf 95' lang='lat' dir='ltr'><strong>ut</strong></span> <span class='ocrx_word' id='word_1_12' title='bbox 1160 502 1267 583; x_wconf 91' lang='lat' dir='ltr'><strong>illius,</strong></span> 
     </span>
     <span class='ocr_line' id='line_1_3' title="bbox 147 607 1269 700; baseline -0.005 -22"><span class='ocrx_word' id='word_1_13' title='bbox 147 612 195 678; x_wconf 87' lang='lat' dir='ltr'><strong>iia</strong></span> <span class='ocrx_word' id='word_1_14' title='bbox 213 611 318 700; x_wconf 87' lang='lat' dir='ltr'><strong>hujus</strong></span> <span class='ocrx_word' id='word_1_15' title='bbox 343 609 512 676; x_wconf 89' lang='lat' dir='ltr'><strong>abolitum</strong></span> <span class='ocrx_word' id='word_1_16' title='bbox 535 611 578 676; x_wconf 90' lang='lat' dir='ltr'><strong>iri</strong></span> <span class='ocrx_word' id='word_1_17' title='bbox 607 611 810 677; x_wconf 79' lang='lat' dir='ltr'><strong>memoriam</strong></span> <span class='ocrx_word' id='word_1_18' title='bbox 835 632 903 676; x_wconf 93' lang='lat' dir='ltr'><strong>non</strong></span> <span class='ocrx_word' id='word_1_19' title='bbox 934 610 1080 676; x_wconf 89' lang='lat' dir='ltr'><strong>dubitat.</strong></span> <span class='ocrx_word' id='word_1_20' title='bbox 1102 607 1269 697; x_wconf 81' lang='lat' dir='ltr'>Adeoque</span> 
     </span>
     <span class='ocr_line' id='line_1_4' title="bbox 149 716 1271 808; baseline -0.005 -23"><span class='ocrx_word' id='word_1_21' title='bbox 149 719 216 785; x_wconf 89' lang='lat' dir='ltr'><strong>sibi</strong></span> <span class='ocrx_word' id='word_1_22' title='bbox 234 718 406 808; x_wconf 73' lang='lat' dir='ltr'><strong>persuasit</strong></span> <span class='ocrx_word' id='word_1_23' title='bbox 430 716 663 807; x_wconf 89' lang='lat' dir='ltr'><strong>placidissima</strong></span> <span class='ocrx_word' id='word_1_24' title='bbox 688 717 818 782; x_wconf 89' lang='lat' dir='ltr'><strong>scilieet</strong></span> <span class='ocrx_word' id='word_1_25' title='bbox 841 717 956 783; x_wconf 90' lang='lat' dir='ltr'><strong>indole</strong></span> <span class='ocrx_word' id='word_1_26' title='bbox 980 716 1120 799; x_wconf 86' lang='lat' dir='ltr'><strong>lemine,</strong></span> <span class='ocrx_word' id='word_1_27' title='bbox 1143 721 1271 781; x_wconf 91' lang='lat' dir='ltr'><strong>amato-</strong></span> 
     </span>
     <span class='ocr_line' id='line_1_5' title="bbox 147 822 1272 914; baseline -0.004 -22"><span class='ocrx_word' id='word_1_28' title='bbox 147 827 216 892; x_wconf 90' lang='lat' dir='ltr'><strong>rias</strong></span> <span class='ocrx_word' id='word_1_29' title='bbox 237 825 335 892; x_wconf 81' lang='lat' dir='ltr'><strong>facile</strong></span> <span class='ocrx_word' id='word_1_30' title='bbox 355 824 517 914; x_wconf 90' lang='lat' dir='ltr'><strong>dissipari</strong></span> <span class='ocrx_word' id='word_1_31' title='bbox 532 846 644 905; x_wconf 87' lang='lat' dir='ltr'><strong>curas,</strong></span> <span class='ocrx_word' id='word_1_32' title='bbox 659 829 695 890; x_wconf 86' lang='lat' dir='ltr'><strong>ut</strong></span> <span class='ocrx_word' id='word_1_33' title='bbox 714 846 756 889; x_wconf 92' lang='lat' dir='ltr'><strong>ne</strong></span> <span class='ocrx_word' id='word_1_34' title='bbox 780 846 970 914; x_wconf 78' lang='lat' dir='ltr'><strong>parumper</strong></span> <span class='ocrx_word' id='word_1_35' title='bbox 983 822 1125 912; x_wconf 91' lang='lat' dir='ltr'><strong>quidem</strong></span> <span class='ocrx_word' id='word_1_36' title='bbox 1145 822 1272 907; x_wconf 82' lang='lat' dir='ltr'><strong>cogitet</strong></span> 
     </span>
     <span class='ocr_line' id='line_1_6' title="bbox 147 931 676 1022; baseline -0.008 -22"><span class='ocrx_word' id='word_1_37' title='bbox 147 931 367 1000; x_wconf 91' lang='lat' dir='ltr'><strong>moriendum</strong></span> <span class='ocrx_word' id='word_1_38' title='bbox 382 953 458 999; x_wconf 91' lang='lat' dir='ltr'><strong>esse</strong></span> <span class='ocrx_word' id='word_1_39' title='bbox 478 937 676 1022; x_wconf 90' lang='lat' dir='ltr'><strong>propterea.</strong></span> 
     </span>
    </p>

    <p class='ocr_par' dir='ltr' id='par_1_3' title="bbox 145 1035 1271 1237">
     <span class='ocr_line' id='line_1_7' title="bbox 194 1035 1271 1128; baseline -0.003 -23"><span class='ocrx_word' id='word_1_40' title='bbox 194 1038 429 1121; x_wconf 84' lang='lat' dir='ltr'><strong>Quamobrem</strong></span> <span class='ocrx_word' id='word_1_41' title='bbox 457 1038 663 1128; x_wconf 90' lang='lat' dir='ltr'><strong>paulopost</strong></span> <span class='ocrx_word' id='word_1_42' title='bbox 692 1039 952 1121; x_wconf 83' lang='lat' dir='ltr'><strong>exclamantem,</strong></span> <span class='ocrx_word' id='word_1_43' title='bbox 992 1059 1071 1104; x_wconf 92' lang='lat' dir='ltr'><strong>cum</strong></span> <span class='ocrx_word' id='word_1_44' title='bbox 1106 1035 1195 1103; x_wconf 90' lang='lat' dir='ltr'><strong>Dido</strong></span> <span class='ocrx_word' id='word_1_45' title='bbox 1235 1058 1271 1102; x_wconf 92' lang='lat' dir='ltr'><strong>se</strong></span> 
     </span>
     <span class='ocr_line' id='line_1_8' title="bbox 145 1143 655 1237; baseline 0.002 -25"><span class='ocrx_word' id='word_1_46' title='bbox 145 1146 261 1237; x_wconf 87' lang='lat' dir='ltr'><strong>ipsam</strong></span> <span class='ocrx_word' id='word_1_47' title='bbox 279 1145 466 1229; x_wconf 80' lang='lat' dir='ltr'><strong>interemit,</strong></span> <span class='ocrx_word' id='word_1_48' title='bbox 488 1143 626 1210; x_wconf 82' lang='lat' dir='ltr'><strong>Annam</strong></span> <span class='ocrx_word' id='word_1_49' title='bbox 648 1166 655 1213; x_wconf 92' lang='lat'>:</span> 
     </span>
    </p>
   </div>
   <div class='ocr_carea' id='block_1_3' title="bbox 290 1310 1131 1448">
    <p class='ocr_par' dir='ltr' id='par_1_4' title="bbox 290 1310 1131 1448">
     <span class='ocr_line' id='line_1_9' title="bbox 461 1310 928 1365; baseline -0.004 0"><span class='ocrx_word' id='word_1_50' title='bbox 461 1311 569 1365; x_wconf 85' lang='lat' dir='ltr'><strong>Eadem</strong></span> <span class='ocrx_word' id='word_1_51' title='bbox 585 1325 632 1364; x_wconf 91' lang='lat' dir='ltr'><strong>me</strong></span> <span class='ocrx_word' id='word_1_52' title='bbox 647 1310 683 1363; x_wconf 86' lang='lat' dir='ltr'><strong>ad</strong></span> <span class='ocrx_word' id='word_1_53' title='bbox 698 1311 759 1364; x_wconf 80' lang='lat' dir='ltr'><strong>fata</strong></span> <span class='ocrx_word' id='word_1_54' title='bbox 773 1313 928 1365; x_wconf 82' lang='lat' dir='ltr'><strong>vocasses!</strong></span> 
     </span>
     <span class='ocr_line' id='line_1_10' title="bbox 290 1381 1131 1448; baseline -0.005 -12"><span class='ocrx_word' id='word_1_55' title='bbox 290 1383 370 1438; x_wconf 83' lang='lat' dir='ltr'><strong>Idem</strong></span> <span class='ocrx_word' id='word_1_56' title='bbox 384 1384 488 1436; x_wconf 86' lang='lat' dir='ltr'><strong>ambas</strong></span> <span class='ocrx_word' id='word_1_57' title='bbox 502 1383 578 1436; x_wconf 77' lang='lat' dir='ltr'><strong>terro</strong></span> <span class='ocrx_word' id='word_1_58' title='bbox 593 1383 675 1435; x_wconf 90' lang='lat' dir='ltr'><strong>dolor</strong></span> <span class='ocrx_word' id='word_1_59' title='bbox 689 1389 777 1448; x_wconf 84' lang='lat' dir='ltr'><strong>atque</strong></span> <span class='ocrx_word' id='word_1_60' title='bbox 792 1383 895 1436; x_wconf 91' lang='lat' dir='ltr'><strong>eadem</strong></span> <span class='ocrx_word' id='word_1_61' title='bbox 908 1383 980 1434; x_wconf 87' lang='lat' dir='ltr'><strong>hora</strong></span> <span class='ocrx_word' id='word_1_62' title='bbox 996 1381 1131 1434; x_wconf 85' lang='lat' dir='ltr'><strong>tulisset!</strong></span> 
     </span>
    </p>
   </div>
   <div class='ocr_carea' id='block_1_4' title="bbox 147 1523 1330 3325">
    <p class='ocr_par' dir='ltr' id='par_1_5' title="bbox 147 1523 1276 2043">
     <span class='ocr_line' id='line_1_11' title="bbox 148 1523 1273 1617; baseline -0.004 -23"><span class='ocrx_word' id='word_1_63' title='bbox 148 1528 246 1594; x_wconf 90' lang='lat' dir='ltr'><strong>nulla</strong></span> <span class='ocrx_word' id='word_1_64' title='bbox 269 1526 424 1617; x_wconf 80' lang='lat' dir='ltr'><strong>proiecto</strong></span> <span class='ocrx_word' id='word_1_65' title='bbox 453 1531 633 1594; x_wconf 89' lang='lat' dir='ltr'><strong>causaest</strong></span> <span class='ocrx_word' id='word_1_66' title='bbox 658 1549 720 1593; x_wconf 92' lang='lat' dir='ltr'><strong>cur</strong></span> <span class='ocrx_word' id='word_1_67' title='bbox 745 1526 882 1592; x_wconf 89' lang='lat' dir='ltr'><strong>mentiri</strong></span> <span class='ocrx_word' id='word_1_68' title='bbox 902 1526 1151 1615; x_wconf 89' lang='lat' dir='ltr'><strong>suspicemur¹.</strong></span> <span class='ocrx_word' id='word_1_69' title='bbox 1179 1523 1273 1590; x_wconf 92' lang='lat' dir='ltr'><strong>lllud</strong></span> 
     </span>
     <span class='ocr_line' id='line_1_12' title="bbox 148 1632 1275 1722; baseline -0.005 -19"><span class='ocrx_word' id='word_1_70' title='bbox 148 1640 266 1703; x_wconf 90' lang='lat' dir='ltr'><strong>tamen</strong></span> <span class='ocrx_word' id='word_1_71' title='bbox 280 1633 452 1721; x_wconf 78' lang='lat' dir='ltr'><strong>conjicere</strong></span> <span class='ocrx_word' id='word_1_72' title='bbox 466 1634 558 1702; x_wconf 87' lang='lat' dir='ltr'><strong>licet.</strong></span> <span class='ocrx_word' id='word_1_73' title='bbox 575 1673 619 1683; x_wconf 98' lang='lat'><strong>—</strong></span> <span class='ocrx_word' id='word_1_74' title='bbox 636 1633 710 1722; x_wconf 90' lang='lat' dir='ltr'><strong>(nee</strong></span> <span class='ocrx_word' id='word_1_75' title='bbox 727 1632 870 1719; x_wconf 81' lang='lat' dir='ltr'><strong>Vergilii</strong></span> <span class='ocrx_word' id='word_1_76' title='bbox 884 1633 993 1699; x_wconf 88' lang='lat' dir='ltr'><strong>verba</strong></span> <span class='ocrx_word' id='word_1_77' title='bbox 1005 1632 1133 1722; x_wconf 85' lang='lat' dir='ltr'><strong>vetant)</strong></span> <span class='ocrx_word' id='word_1_78' title='bbox 1148 1632 1275 1697; x_wconf 89' lang='lat' dir='ltr'><strong>-An-</strong></span> 
     </span>
     <span class='ocr_line' id='line_1_13' title="bbox 148 1738 1276 1828; baseline -0.005 -18"><span class='ocrx_word' id='word_1_79' title='bbox 148 1764 231 1810; x_wconf 87' lang='lat' dir='ltr'><strong>nam</strong></span> <span class='ocrx_word' id='word_1_80' title='bbox 245 1741 405 1824; x_wconf 84' lang='lat' dir='ltr'><strong>libenter,</strong></span> <span class='ocrx_word' id='word_1_81' title='bbox 419 1739 478 1808; x_wconf 89' lang='lat' dir='ltr'><strong>sed</strong></span> <span class='ocrx_word' id='word_1_82' title='bbox 491 1739 627 1826; x_wconf 81' lang='lat' dir='ltr'><strong>frigide,</strong></span> <span class='ocrx_word' id='word_1_83' title='bbox 643 1745 790 1806; x_wconf 90' lang='lat' dir='ltr'><strong>mortem</strong></span> <span class='ocrx_word' id='word_1_84' title='bbox 803 1762 872 1806; x_wconf 93' lang='lat' dir='ltr'><strong>una</strong></span> <span class='ocrx_word' id='word_1_85' title='bbox 891 1760 970 1806; x_wconf 92' lang='lat' dir='ltr'><strong>cum</strong></span> <span class='ocrx_word' id='word_1_86' title='bbox 988 1738 1122 1805; x_wconf 88' lang='lat' dir='ltr'><strong>Didone</strong></span> <span class='ocrx_word' id='word_1_87' title='bbox 1143 1739 1276 1828; x_wconf 90' lang='lat' dir='ltr'><strong>oppeti-</strong></span> 
     </span>
     <span class='ocr_line' id='line_1_14' title="bbox 148 1845 1276 1935; baseline -0.004 -20"><span class='ocrx_word' id='word_1_88' title='bbox 148 1854 264 1916; x_wconf 82' lang='lat' dir='ltr'><strong>turam</strong></span> <span class='ocrx_word' id='word_1_89' title='bbox 282 1848 388 1914; x_wconf 89' lang='lat' dir='ltr'><strong>luisse</strong></span> <span class='ocrx_word' id='word_1_90' title='bbox 408 1847 680 1935; x_wconf 89' lang='lat' dir='ltr'><strong>morientemque</strong></span> <span class='ocrx_word' id='word_1_91' title='bbox 703 1845 846 1912; x_wconf 80' lang='lat' dir='ltr'><strong>forsitan</strong></span> <span class='ocrx_word' id='word_1_92' title='bbox 867 1867 984 1913; x_wconf 89' lang='lat' dir='ltr'><strong>secum</strong></span> <span class='ocrx_word' id='word_1_93' title='bbox 1003 1845 1109 1916; x_wconf 87' lang='lat' dir='ltr'><strong>luisse</strong></span> <span class='ocrx_word' id='word_1_94' title='bbox 1135 1849 1276 1935; x_wconf 90' lang='lat' dir='ltr'><strong>reputa·</strong></span> 
     </span>
     <span class='ocr_line' id='line_1_15' title="bbox 147 1952 967 2043; baseline -0.004 -22"><span class='ocrx_word' id='word_1_95' title='bbox 147 1960 276 2036; x_wconf 83' lang='lat' dir='ltr'><strong>turam,</strong></span> <span class='ocrx_word' id='word_1_96' title='bbox 297 1976 381 2020; x_wconf 92' lang='lat' dir='ltr'><strong>num</strong></span> <span class='ocrx_word' id='word_1_97' title='bbox 400 1977 481 2020; x_wconf 83' lang='lat' dir='ltr'><strong>vere-</strong></span> <span class='ocrx_word' id='word_1_98' title='bbox 497 1975 622 2042; x_wconf 87' lang='lat' dir='ltr'><strong>operae</strong></span> <span class='ocrx_word' id='word_1_99' title='bbox 642 1952 792 2043; x_wconf 89' lang='lat' dir='ltr'><strong>pretium</strong></span> <span class='ocrx_word' id='word_1_100' title='bbox 812 1953 967 2021; x_wconf 82' lang='lat' dir='ltr'><strong>esset‘l...</strong></span> 
     </span>
    </p>

    <p class='ocr_par' dir='ltr' id='par_1_6' title="bbox 149 2056 1330 3325">
     <span class='ocr_line' id='line_1_16' title="bbox 197 2056 1277 2144; baseline 0.003 -23"><span class='ocrx_word' id='word_1_101' title='bbox 197 2087 214 2122; x_wconf 88' lang='lat'>«</span> <span class='ocrx_word' id='word_1_102' title='bbox 246 2058 480 2129; x_wconf 73' lang='lat' dir='ltr'><strong>Unanimam²</strong></span> <span class='ocrx_word' id='word_1_103' title='bbox 511 2087 527 2121; x_wconf 94' lang='lat'>»</span> <span class='ocrx_word' id='word_1_104' title='bbox 561 2058 705 2125; x_wconf 89' lang='lat' dir='ltr'><strong>Didonis</strong></span> <span class='ocrx_word' id='word_1_105' title='bbox 739 2081 894 2126; x_wconf 91' lang='lat' dir='ltr'><strong>sororem</strong></span> <span class='ocrx_word' id='word_1_106' title='bbox 928 2058 1065 2123; x_wconf 82' lang='lat' dir='ltr'><strong>Annam</strong></span> <span class='ocrx_word' id='word_1_107' title='bbox 1101 2056 1277 2144; x_wconf 82' lang='lat' dir='ltr'><strong>Vergilius</strong></span> 
     </span>
     <span class='ocr_line' id='line_1_17' title="bbox 150 2165 1276 2258; baseline -0.004 -24"><span class='ocrx_word' id='word_1_108' title='bbox 150 2167 317 2257; x_wconf 90' lang='lat' dir='ltr'><strong>appellat,</strong></span> <span class='ocrx_word' id='word_1_109' title='bbox 344 2166 438 2256; x_wconf 93' lang='lat' dir='ltr'><strong>quod</strong></span> <span class='ocrx_word' id='word_1_110' title='bbox 462 2166 602 2258; x_wconf 89' lang='lat' dir='ltr'><strong>quidem</strong></span> <span class='ocrx_word' id='word_1_111' title='bbox 632 2166 778 2232; x_wconf 92' lang='lat' dir='ltr'><strong>verbum</strong></span> <span class='ocrx_word' id='word_1_112' title='bbox 809 2165 894 2256; x_wconf 93' lang='lat' dir='ltr'><strong>quid</strong></span> <span class='ocrx_word' id='word_1_113' title='bbox 918 2165 1031 2231; x_wconf 89' lang='lat' dir='ltr'><strong>valeat</strong></span> <span class='ocrx_word' id='word_1_114' title='bbox 1058 2165 1276 2250; x_wconf 78' lang='lat' dir='ltr'><strong>grammatici</strong></span> 
     </span>
     <span class='ocr_line' id='line_1_18' title="bbox 149 2262 1330 2356; baseline -0.003 -15"><span class='ocrx_word' id='word_1_115' title='bbox 149 2296 219 2341; x_wconf 90' lang='lat' dir='ltr'><strong>non</strong></span> <span class='ocrx_word' id='word_1_116' title='bbox 239 2295 456 2340; x_wconf 89' lang='lat' dir='ltr'><strong>consensere.</strong></span> <span class='ocrx_word' id='word_1_117' title='bbox 478 2271 602 2341; x_wconf 91' lang='lat' dir='ltr'><strong>Utrum</strong></span> <span class='ocrx_word' id='word_1_118' title='bbox 624 2273 716 2338; x_wconf 91' lang='lat' dir='ltr'><strong>enim</strong></span> <span class='ocrx_word' id='word_1_119' title='bbox 737 2295 857 2339; x_wconf 90' lang='lat' dir='ltr'><strong>seusus</strong></span> <span class='ocrx_word' id='word_1_120' title='bbox 877 2280 940 2356; x_wconf 88' lang='lat' dir='ltr'><strong>est,</strong></span> <span class='ocrx_word' id='word_1_121' title='bbox 964 2293 1070 2338; x_wconf 89' lang='lat' dir='ltr'><strong>unum</strong></span> <span class='ocrx_word' id='word_1_122' title='bbox 1090 2272 1221 2337; x_wconf 86' lang='lat' dir='ltr'><strong>scilicet</strong></span> <span class='ocrx_word' id='word_1_123' title='bbox 1242 2276 1277 2338; x_wconf 88' lang='lat' dir='ltr'><strong>et</strong></span> <span class='ocrx_word' id='word_1_124' title='bbox 1328 2262 1330 2269; x_wconf 45' lang='lat'><strong>¹</strong></span> 
     </span>
     <span class='ocr_line' id='line_1_19' title="bbox 151 2379 1276 2466; baseline -0.003 -19"><span class='ocrx_word' id='word_1_125' title='bbox 151 2381 313 2465; x_wconf 89' lang='lat' dir='ltr'><strong>eundem,</strong></span> <span class='ocrx_word' id='word_1_126' title='bbox 336 2386 373 2447; x_wconf 90' lang='lat' dir='ltr'><strong>ut</strong></span> <span class='ocrx_word' id='word_1_127' title='bbox 390 2380 495 2466; x_wconf 81' lang='lat' dir='ltr'><strong>vulgo</strong></span> <span class='ocrx_word' id='word_1_128' title='bbox 515 2380 674 2463; x_wconf 90' lang='lat' dir='ltr'><strong>dicimus,</strong></span> <span class='ocrx_word' id='word_1_129' title='bbox 696 2380 864 2446; x_wconf 88' lang='lat' dir='ltr'><strong>ambabus</strong></span> <span class='ocrx_word' id='word_1_130' title='bbox 884 2381 1037 2446; x_wconf 90' lang='lat' dir='ltr'><strong>animum</strong></span> <span class='ocrx_word' id='word_1_131' title='bbox 1059 2401 1149 2462; x_wconf 90' lang='lat' dir='ltr'><strong>esse,</strong></span> <span class='ocrx_word' id='word_1_132' title='bbox 1171 2379 1218 2444; x_wconf 92' lang='lat' dir='ltr'><strong>ita</strong></span> <span class='ocrx_word' id='word_1_133' title='bbox 1240 2383 1276 2444; x_wconf 85' lang='lat' dir='ltr'><strong>ut</strong></span> 
     </span>
     <span class='ocr_line' id='line_1_20' title="bbox 149 2485 1276 2579; baseline -0.004 -24"><span class='ocrx_word' id='word_1_134' title='bbox 149 2488 245 2579; x_wconf 92' lang='lat' dir='ltr'><strong>quod</strong></span> <span class='ocrx_word' id='word_1_135' title='bbox 260 2489 386 2554; x_wconf 89' lang='lat' dir='ltr'><strong>sentiat</strong></span> <span class='ocrx_word' id='word_1_136' title='bbox 405 2509 483 2568; x_wconf 88' lang='lat' dir='ltr'><strong>una,</strong></span> <span class='ocrx_word' id='word_1_137' title='bbox 506 2489 630 2554; x_wconf 86' lang='lat' dir='ltr'><strong>sentiat</strong></span> <span class='ocrx_word' id='word_1_138' title='bbox 649 2492 683 2553; x_wconf 87' lang='lat' dir='ltr'><strong>et</strong></span> <span class='ocrx_word' id='word_1_139' title='bbox 700 2486 761 2553; x_wconf 90' lang='lat' dir='ltr'><strong>illa</strong></span> <span class='ocrx_word' id='word_1_140' title='bbox 778 2488 909 2578; x_wconf 90' lang='lat' dir='ltr'><strong>pariter</strong></span> <span class='ocrx_word' id='word_1_141' title='bbox 927 2508 991 2553; x_wconf 90' lang='lat' dir='ltr'><strong>nee</strong></span> <span class='ocrx_word' id='word_1_142' title='bbox 1006 2487 1118 2551; x_wconf 91' lang='lat' dir='ltr'><strong>minus</strong></span> <span class='ocrx_word' id='word_1_143' title='bbox 1134 2485 1276 2552; x_wconf 78' lang='lat' dir='ltr'><strong>vivide?</strong></span> 
     </span>
     <span class='ocr_line' id='line_1_21' title="bbox 150 2593 1275 2679; baseline -0.004 -18"><span class='ocrx_word' id='word_1_144' title='bbox 150 2597 205 2662; x_wconf 92' lang='lat' dir='ltr'><strong>An</strong></span> <span class='ocrx_word' id='word_1_145' title='bbox 225 2595 291 2661; x_wconf 93' lang='lat' dir='ltr'><strong>hoc</strong></span> <span class='ocrx_word' id='word_1_146' title='bbox 309 2595 548 2661; x_wconf 89' lang='lat' dir='ltr'><strong>tantummodo</strong></span> <span class='ocrx_word' id='word_1_147' title='bbox 574 2593 743 2679; x_wconf 81' lang='lat' dir='ltr'><strong>signifieat</strong></span> <span class='ocrx_word' id='word_1_148' title='bbox 768 2621 784 2656; x_wconf 63' lang='grc' dir='ltr'><strong>(ι</strong></span> <span class='ocrx_word' id='word_1_149' title='bbox 807 2595 981 2676; x_wconf 88' lang='lat' dir='ltr'><strong>unanima,</strong></span> <span class='ocrx_word' id='word_1_150' title='bbox 1006 2620 1022 2655; x_wconf 79' lang='lat' dir='ltr'><strong>s</strong></span> <span class='ocrx_word' id='word_1_151' title='bbox 1043 2593 1163 2660; x_wconf 91' lang='lat' dir='ltr'><strong>Annae</strong></span> <span class='ocrx_word' id='word_1_152' title='bbox 1184 2614 1275 2658; x_wconf 88' lang='lat' dir='ltr'><strong>sem-</strong></span> 
     </span>
     <span class='ocr_line' id='line_1_22' title="bbox 150 2699 1276 2793; baseline -0.001 -25"><span class='ocrx_word' id='word_1_153' title='bbox 150 2724 215 2793; x_wconf 89' lang='lat' dir='ltr'><strong>per</strong></span> <span class='ocrx_word' id='word_1_154' title='bbox 233 2702 376 2793; x_wconf 90' lang='lat' dir='ltr'><strong>probari</strong></span> <span class='ocrx_word' id='word_1_155' title='bbox 395 2723 633 2790; x_wconf 88' lang='lat' dir='ltr'><strong>quaecumque</strong></span> <span class='ocrx_word' id='word_1_156' title='bbox 654 2723 752 2767; x_wconf 92' lang='lat' dir='ltr'><strong>soror</strong></span> <span class='ocrx_word' id='word_1_157' title='bbox 776 2701 871 2791; x_wconf 91' lang='lat' dir='ltr'><strong>eupit</strong></span> <span class='ocrx_word' id='word_1_158' title='bbox 885 2701 940 2767; x_wconf 90' lang='lat' dir='ltr'><strong>vel</strong></span> <span class='ocrx_word' id='word_1_159' title='bbox 959 2700 1100 2766; x_wconf 82' lang='lat' dir='ltr'><strong>censet?</strong></span> <span class='ocrx_word' id='word_1_160' title='bbox 1120 2699 1276 2767; x_wconf 89' lang='lat' dir='ltr'><strong>Mihimet</strong></span> 
     </span>
     <span class='ocr_line' id='line_1_23' title="bbox 150 2807 1277 2900; baseline -0.003 -25"><span class='ocrx_word' id='word_1_161' title='bbox 150 2811 324 2900; x_wconf 88' lang='lat' dir='ltr'><strong>posterior</strong></span> <span class='ocrx_word' id='word_1_162' title='bbox 343 2808 398 2875; x_wconf 92' lang='lat' dir='ltr'><strong>hie</strong></span> <span class='ocrx_word' id='word_1_163' title='bbox 418 2831 539 2874; x_wconf 90' lang='lat' dir='ltr'><strong>seusus</strong></span> <span class='ocrx_word' id='word_1_164' title='bbox 555 2807 703 2892; x_wconf 90' lang='lat' dir='ltr'><strong>videtur,</strong></span> <span class='ocrx_word' id='word_1_165' title='bbox 721 2809 829 2874; x_wconf 92' lang='lat' dir='ltr'><strong>multo</strong></span> <span class='ocrx_word' id='word_1_166' title='bbox 849 2808 972 2873; x_wconf 91' lang='lat' dir='ltr'><strong>melius</strong></span> <span class='ocrx_word' id='word_1_167' title='bbox 992 2829 1098 2897; x_wconf 88' lang='lat' dir='ltr'><strong>quam</strong></span> <span class='ocrx_word' id='word_1_168' title='bbox 1116 2807 1186 2891; x_wconf 87' lang='lat' dir='ltr'><strong>ille,</strong></span> <span class='ocrx_word' id='word_1_169' title='bbox 1202 2829 1277 2872; x_wconf 84' lang='lat' dir='ltr'><strong>ver·</strong></span> 
     </span>
     <span class='ocr_line' id='line_1_24' title="bbox 152 2915 1276 3003; baseline -0.002 -21"><span class='ocrx_word' id='word_1_170' title='bbox 152 2917 301 3003; x_wconf 85' lang='lat' dir='ltr'><strong>gilianae</strong></span> <span class='ocrx_word' id='word_1_171' title='bbox 318 2916 438 2982; x_wconf 86' lang='lat' dir='ltr'><strong>Annae</strong></span> <span class='ocrx_word' id='word_1_172' title='bbox 458 2916 596 3000; x_wconf 82' lang='lat' dir='ltr'><strong>ingenio</strong></span> <span class='ocrx_word' id='word_1_173' title='bbox 625 2916 820 2981; x_wconf 89' lang='lat' dir='ltr'><strong>convenire.</strong></span> <span class='ocrx_word' id='word_1_174' title='bbox 842 2915 917 2981; x_wconf 90' lang='lat' dir='ltr'><strong>Non</strong></span> <span class='ocrx_word' id='word_1_175' title='bbox 950 2919 1041 2980; x_wconf 89' lang='lat' dir='ltr'><strong>errat</strong></span> <span class='ocrx_word' id='word_1_176' title='bbox 1064 2916 1165 2981; x_wconf 87' lang='lat' dir='ltr'><strong>Anna</strong></span> <span class='ocrx_word' id='word_1_177' title='bbox 1191 2937 1276 3003; x_wconf 90' lang='lat' dir='ltr'><strong>que-</strong></span> 
     </span>
     <span class='ocr_line' id='line_1_25' title="bbox 151 3019 1276 3111; baseline -0.003 -23"><span class='ocrx_word' id='word_1_178' title='bbox 151 3043 245 3105; x_wconf 79' lang='lat' dir='ltr'><strong>renS,</strong></span> <span class='ocrx_word' id='word_1_179' title='bbox 267 3021 363 3111; x_wconf 92' lang='lat' dir='ltr'><strong>quod</strong></span> <span class='ocrx_word' id='word_1_180' title='bbox 386 3043 484 3087; x_wconf 89' lang='lat' dir='ltr'><strong>soror</strong></span> <span class='ocrx_word' id='word_1_181' title='bbox 503 3043 580 3087; x_wconf 88' lang='lat' dir='ltr'><strong>eam</strong></span> <span class='ocrx_word' id='word_1_182' title='bbox 599 3022 749 3087; x_wconf 91' lang='lat' dir='ltr'><strong>moriens</strong></span> <span class='ocrx_word' id='word_1_183' title='bbox 769 3020 925 3088; x_wconf 76' lang='lat' dir='ltr'><strong>concitem</strong></span> <span class='ocrx_word' id='word_1_184' title='bbox 943 3020 1115 3111; x_wconf 75' lang='lat' dir='ltr'><strong>spreverit.</strong></span> <span class='ocrx_word' id='word_1_185' title='bbox 1140 3019 1276 3110; x_wconf 87' lang='lat' dir='ltr'><strong>Optime</strong></span> 
     </span>
     <span class='ocr_line' id='line_1_26' title="bbox 153 3126 1278 3220; baseline 0 -26"><span class='ocrx_word' id='word_1_186' title='bbox 153 3128 296 3219; x_wconf 91' lang='lat' dir='ltr'><strong>quidem</strong></span> <span class='ocrx_word' id='word_1_187' title='bbox 333 3134 411 3195; x_wconf 90' lang='lat' dir='ltr'><strong>sunt</strong></span> <span class='ocrx_word' id='word_1_188' title='bbox 437 3128 528 3194; x_wconf 90' lang='lat' dir='ltr'><strong>inter</strong></span> <span class='ocrx_word' id='word_1_189' title='bbox 561 3150 596 3195; x_wconf 91' lang='lat' dir='ltr'><strong>se</strong></span> <span class='ocrx_word' id='word_1_190' title='bbox 623 3127 831 3210; x_wconf 92' lang='lat' dir='ltr'><strong>concordes;</strong></span> <span class='ocrx_word' id='word_1_191' title='bbox 858 3129 960 3213; x_wconf 80' lang='lat' dir='ltr'><strong>longe</strong></span> <span class='ocrx_word' id='word_1_192' title='bbox 989 3133 1105 3194; x_wconf 88' lang='lat' dir='ltr'><strong>autem</strong></span> <span class='ocrx_word' id='word_1_193' title='bbox 1124 3126 1223 3220; x_wconf 86' lang='lat' dir='ltr'><strong>abest</strong></span> <span class='ocrx_word' id='word_1_194' title='bbox 1241 3132 1278 3194; x_wconf 93' lang='lat' dir='ltr'><strong>ut</strong></span> 
     </span>
     <span class='ocr_line' id='line_1_27' title="bbox 155 3235 705 3325; baseline -0.002 -23"><span class='ocrx_word' id='word_1_195' title='bbox 155 3236 224 3302; x_wconf 89' lang='lat' dir='ltr'><strong>sint</strong></span> <span class='ocrx_word' id='word_1_196' title='bbox 244 3236 358 3302; x_wconf 91' lang='lat' dir='ltr'><strong>animo</strong></span> <span class='ocrx_word' id='word_1_197' title='bbox 378 3258 417 3302; x_wconf 90' lang='lat' dir='ltr'><strong>ao</strong></span> <span class='ocrx_word' id='word_1_198' title='bbox 438 3240 550 3301; x_wconf 90' lang='lat' dir='ltr'><strong>mente</strong></span> <span class='ocrx_word' id='word_1_199' title='bbox 570 3235 705 3325; x_wconf 79' lang='lat' dir='ltr'><strong>pares³.</strong></span> 
     </span>
    </p>
   </div>
   <div class='ocr_carea' id='block_1_5' title="bbox 156 3426 1281 3566">
    <p class='ocr_par' dir='ltr' id='par_1_7' title="bbox 156 3426 1281 3566">
     <span class='ocr_line' id='line_1_28' title="bbox 156 3426 1281 3494; baseline 0 -16"><span class='ocrx_word' id='word_1_200' title='bbox 156 3429 244 3478; x_wconf 84' lang='lat' dir='ltr'><strong>Diden</strong></span> <span class='ocrx_word' id='word_1_201' title='bbox 255 3429 400 3492; x_wconf 81' lang='lat' dir='ltr'><strong>prendrait</strong></span> <span class='ocrx_word' id='word_1_202' title='bbox 414 3427 470 3479; x_wconf 84' lang='lat' dir='ltr'><strong>cela</strong></span> <span class='ocrx_word' id='word_1_203' title='bbox 484 3444 580 3479; x_wconf 87' lang='lat' dir='ltr'><strong>comme</strong></span> <span class='ocrx_word' id='word_1_204' title='bbox 603 3429 653 3478; x_wconf 88' lang='lat' dir='ltr'><strong>elle</strong></span> <span class='ocrx_word' id='word_1_205' title='bbox 677 3429 750 3478; x_wconf 83' lang='lat' dir='ltr'><strong>uouit</strong></span> <span class='ocrx_word' id='word_1_206' title='bbox 761 3428 815 3492; x_wconf 78' lang='lat' dir='ltr'><strong>suit</strong></span> <span class='ocrx_word' id='word_1_207' title='bbox 830 3426 854 3476; x_wconf 87' lang='lat' dir='ltr'><strong>le</strong></span> <span class='ocrx_word' id='word_1_208' title='bbox 867 3429 947 3492; x_wconf 72' lang='lat' dir='ltr'><strong>passe</strong></span> <span class='ocrx_word' id='word_1_209' title='bbox 960 3447 983 3493; x_wconf 73' lang='lat' dir='ltr'><strong>r,</strong></span> <span class='ocrx_word' id='word_1_210' title='bbox 998 3426 1069 3479; x_wconf 82' lang='lat' dir='ltr'><strong>veild</strong></span> <span class='ocrx_word' id='word_1_211' title='bbox 1087 3429 1134 3494; x_wconf 80' lang='lat' dir='ltr'><strong>qui</strong></span> <span class='ocrx_word' id='word_1_212' title='bbox 1153 3432 1191 3478; x_wconf 87' lang='lat' dir='ltr'><strong>est</strong></span> <span class='ocrx_word' id='word_1_213' title='bbox 1208 3432 1281 3478; x_wconf 75' lang='lat' dir='ltr'><strong>sitre-</strong></span> 
     </span>
     <span class='ocr_line' id='line_1_29' title="bbox 156 3499 847 3566; baseline -0.004 -16"><span class='ocrx_word' id='word_1_214' title='bbox 156 3503 229 3550; x_wconf 81' lang='lat' dir='ltr'><strong>meot</strong></span> <span class='ocrx_word' id='word_1_215' title='bbox 243 3499 363 3566; x_wconf 63' lang='lat' dir='ltr'><strong>vulgaire</strong></span> <span class='ocrx_word' id='word_1_216' title='bbox 375 3503 401 3549; x_wconf 84' lang='lat' dir='ltr'><strong>et</strong></span> <span class='ocrx_word' id='word_1_217' title='bbox 416 3502 531 3566; x_wconf 70' lang='lat' dir='ltr'><strong>premier</strong></span> <span class='ocrx_word' id='word_1_218' title='bbox 544 3516 581 3550; x_wconf 83' lang='lat' dir='ltr'><strong>uu</strong></span> <span class='ocrx_word' id='word_1_219' title='bbox 595 3501 717 3565; x_wconf 74' lang='lat' dir='ltr'><strong>supreme</strong></span> <span class='ocrx_word' id='word_1_220' title='bbox 731 3499 817 3564; x_wconf 66' lang='lat' dir='ltr'><strong>decre.</strong></span> <span class='ocrx_word' id='word_1_221' title='bbox 836 3519 847 3543; x_wconf 74' lang='grc' dir='ltr'><strong><em>υ</em></strong></span> 
     </span>
    </p>
   </div>
   <div class='ocr_carea' id='block_1_6' title="bbox 190 3571 1282 3634">
    <p class='ocr_par' dir='ltr' id='par_1_8' title="bbox 190 3571 1282 3634">
     <span class='ocr_line' id='line_1_30' title="bbox 190 3571 1282 3634; baseline 0 -14"><span class='ocrx_word' id='word_1_222' title='bbox 190 3571 226 3622; x_wconf 81' lang='lat' dir='ltr'><strong>cf.</strong></span> <span class='ocrx_word' id='word_1_223' title='bbox 248 3575 344 3620; x_wconf 80' lang='lat' dir='ltr'><strong>Aeneae</strong></span> <span class='ocrx_word' id='word_1_224' title='bbox 367 3571 398 3620; x_wconf 89' lang='lat' dir='ltr'><strong>ad</strong></span> <span class='ocrx_word' id='word_1_225' title='bbox 423 3573 541 3621; x_wconf 87' lang='lat' dir='ltr'><strong>Didonem</strong></span> <span class='ocrx_word' id='word_1_226' title='bbox 565 3573 591 3620; x_wconf 90' lang='lat' dir='ltr'><strong>in</strong></span> <span class='ocrx_word' id='word_1_227' title='bbox 613 3572 700 3621; x_wconf 80' lang='lat' dir='ltr'><strong>luteris</strong></span> <span class='ocrx_word' id='word_1_228' title='bbox 723 3572 820 3620; x_wconf 87' lang='lat' dir='ltr'><strong>obviam</strong></span> <span class='ocrx_word' id='word_1_229' title='bbox 841 3573 922 3620; x_wconf 88' lang='lat' dir='ltr'><strong>euntis</strong></span> <span class='ocrx_word' id='word_1_230' title='bbox 945 3573 1028 3634; x_wconf 87' lang='lat' dir='ltr'><strong>verba,</strong></span> <span class='ocrx_word' id='word_1_231' title='bbox 1051 3572 1116 3621; x_wconf 87' lang='lat' dir='ltr'><strong>haud</strong></span> <span class='ocrx_word' id='word_1_232' title='bbox 1139 3572 1282 3620; x_wconf 83' lang='lat' dir='ltr'><strong>dissimilem</strong></span> 
     </span>
    </p>
   </div>
   <div class='ocr_carea' id='block_1_7' title="bbox 157 3642 1118 3823">
    <p class='ocr_par' dir='ltr' id='par_1_9' title="bbox 157 3642 1118 3823">
     <span class='ocr_line' id='line_1_31' title="bbox 157 3642 523 3692; baseline 0 -2"><span class='ocrx_word' id='word_1_233' title='bbox 157 3642 247 3691; x_wconf 80' lang='lat' dir='ltr'><strong>mentis</strong></span> <span class='ocrx_word' id='word_1_234' title='bbox 264 3642 373 3691; x_wconf 87' lang='lat' dir='ltr'><strong>habitum</strong></span> <span class='ocrx_word' id='word_1_235' title='bbox 385 3645 500 3692; x_wconf 85' lang='lat' dir='ltr'><strong>testantia</strong></span> <span class='ocrx_word' id='word_1_236' title='bbox 516 3657 523 3690; x_wconf 90' lang='lat'>:</span> 
     </span>
     <span class='ocr_line' id='line_1_32' title="bbox 576 3705 851 3758; baseline -0.007 -10"><span class='ocrx_word' id='word_1_237' title='bbox 576 3733 610 3748; x_wconf 88' lang='lat'><strong>...</strong></span> <span class='ocrx_word' id='word_1_238' title='bbox 625 3706 672 3748; x_wconf 86' lang='lat' dir='ltr'><strong>Nee</strong></span> <span class='ocrx_word' id='word_1_239' title='bbox 684 3705 776 3748; x_wconf 84' lang='lat' dir='ltr'><strong>credere</strong></span> <span class='ocrx_word' id='word_1_240' title='bbox 788 3705 851 3758; x_wconf 87' lang='lat' dir='ltr'><strong>quivi</strong></span> 
     </span>
     <span class='ocr_line' id='line_1_33' title="bbox 333 3767 1118 3823; baseline 0.001 -14"><span class='ocrx_word' id='word_1_241' title='bbox 333 3767 391 3810; x_wconf 86' lang='lat' dir='ltr'><strong>hune</strong></span> <span class='ocrx_word' id='word_1_242' title='bbox 405 3773 491 3810; x_wconf 72' lang='lat' dir='ltr'><strong>matrim</strong></span> <span class='ocrx_word' id='word_1_243' title='bbox 506 3767 546 3810; x_wconf 85' lang='lat' dir='ltr'><strong>tibi</strong></span> <span class='ocrx_word' id='word_1_244' title='bbox 561 3780 596 3811; x_wconf 88' lang='lat' dir='ltr'><strong>me</strong></span> <span class='ocrx_word' id='word_1_245' title='bbox 608 3768 711 3811; x_wconf 83' lang='lat' dir='ltr'><strong>discessu</strong></span> <span class='ocrx_word' id='word_1_246' title='bbox 727 3767 783 3810; x_wconf 86' lang='lat' dir='ltr'><strong>ierrs</strong></span> <span class='ocrx_word' id='word_1_247' title='bbox 800 3767 907 3810; x_wconf 83' lang='lat' dir='ltr'><strong>dolorem.</strong></span> <span class='ocrx_word' id='word_1_248' title='bbox 921 3767 1118 3823; x_wconf 72' lang='lat' dir='ltr'><strong>(Aen..v1,4ea)</strong></span> 
     </span>
    </p>
   </div>
   <div class='ocr_carea' id='block_1_8' title="bbox 160 3890 1288 4452">
    <p class='ocr_par' dir='ltr' id='par_1_10' title="bbox 191 3890 438 3953">
     <span class='ocr_line' id='line_1_34' title="bbox 191 3890 438 3953; baseline -0.008 -12"><span class='ocrx_word' id='word_1_249' title='bbox 191 3892 215 3941; x_wconf 89' lang='lat'><strong>1.</strong></span> <span class='ocrx_word' id='word_1_250' title='bbox 233 3891 309 3953; x_wconf 67' lang='lat' dir='ltr'><strong>Aee,</strong></span> <span class='ocrx_word' id='word_1_251' title='bbox 326 3890 367 3950; x_wconf 91' lang='lat' dir='ltr'><strong>IV,</strong></span> <span class='ocrx_word' id='word_1_252' title='bbox 382 3890 438 3940; x_wconf 81' lang='lat'>678.</span> 
     </span>
    </p>

    <p class='ocr_par' dir='ltr' id='par_1_11' title="bbox 191 3962 437 4027">
     <span class='ocr_line' id='line_1_35' title="bbox 191 3962 437 4027; baseline -0.008 -14"><span class='ocrx_word' id='word_1_253' title='bbox 191 3964 215 4014; x_wconf 80' lang='lat'><strong>2.</strong></span> <span class='ocrx_word' id='word_1_254' title='bbox 234 3963 307 4021; x_wconf 76' lang='lat' dir='ltr'><strong>Aera,</strong></span> <span class='ocrx_word' id='word_1_255' title='bbox 319 3962 359 4021; x_wconf 91' lang='lat' dir='ltr'><strong>lV,</strong></span> <span class='ocrx_word' id='word_1_256' title='bbox 373 3962 437 4027; x_wconf 72' lang='lat' dir='ltr'><strong>bil.¹</strong></span> 
     </span>
    </p>

    <p class='ocr_par' dir='ltr' id='par_1_12' title="bbox 160 4033 1288 4452">
     <span class='ocr_line' id='line_1_36' title="bbox 190 4033 1286 4098; baseline 0 -15"><span class='ocrx_word' id='word_1_257' title='bbox 190 4033 215 4083; x_wconf 89' lang='lat'><strong>3.</strong></span> <span class='ocrx_word' id='word_1_258' title='bbox 233 4034 285 4082; x_wconf 92' lang='lat' dir='ltr'><strong>Non</strong></span> <span class='ocrx_word' id='word_1_259' title='bbox 300 4035 374 4098; x_wconf 75' lang='lat' dir='ltr'><strong>igitur</strong></span> <span class='ocrx_word' id='word_1_260' title='bbox 388 4034 449 4082; x_wconf 91' lang='lat' dir='ltr'><strong>illud</strong></span> <span class='ocrx_word' id='word_1_261' title='bbox 463 4033 596 4083; x_wconf 86' lang='lat' dir='ltr'><strong>acutissimi</strong></span> <span class='ocrx_word' id='word_1_262' title='bbox 612 4034 675 4081; x_wconf 85' lang='lat' dir='ltr'><strong>iuter</strong></span> <span class='ocrx_word' id='word_1_263' title='bbox 690 4033 771 4082; x_wconf 87' lang='lat' dir='ltr'><strong>Gallos</strong></span> <span class='ocrx_word' id='word_1_264' title='bbox 791 4033 869 4081; x_wconf 87' lang='lat' dir='ltr'><strong>critici</strong></span> <span class='ocrx_word' id='word_1_265' title='bbox 890 4033 975 4095; x_wconf 90' lang='lat' dir='ltr'><strong>probo,</strong></span> <span class='ocrx_word' id='word_1_266' title='bbox 998 4034 1020 4082; x_wconf 89' lang='lat' dir='ltr'><strong>si</strong></span> <span class='ocrx_word' id='word_1_267' title='bbox 1042 4033 1161 4083; x_wconf 85' lang='lat' dir='ltr'><strong>modoad</strong></span> <span class='ocrx_word' id='word_1_268' title='bbox 1179 4034 1286 4084; x_wconf 88' lang='lat' dir='ltr'><strong>indolem</strong></span> 
     </span>
     <span class='ocr_line' id='line_1_37' title="bbox 161 4103 1287 4168; baseline 0.001 -14"><span class='ocrx_word' id='word_1_269' title='bbox 161 4107 246 4154; x_wconf 84' lang='lat' dir='ltr'><strong>Annae</strong></span> <span class='ocrx_word' id='word_1_270' title='bbox 262 4105 444 4154; x_wconf 78' lang='lat' dir='ltr'><strong>Suara-Breve</strong></span> <span class='ocrx_word' id='word_1_271' title='bbox 458 4106 497 4154; x_wconf 87' lang='lat' dir='ltr'><strong>his</strong></span> <span class='ocrx_word' id='word_1_272' title='bbox 512 4105 594 4153; x_wconf 89' lang='lat' dir='ltr'><strong>verbis</strong></span> <span class='ocrx_word' id='word_1_273' title='bbox 613 4106 771 4166; x_wconf 87' lang='lat' dir='ltr'><strong>respexerit:</strong></span> <span class='ocrx_word' id='word_1_274' title='bbox 789 4124 801 4149; x_wconf 75' lang='lat' dir='ltr'><strong>u</strong></span> <span class='ocrx_word' id='word_1_275' title='bbox 823 4105 893 4151; x_wconf 89' lang='lat' dir='ltr'><strong>Anna</strong></span> <span class='ocrx_word' id='word_1_276' title='bbox 913 4118 984 4152; x_wconf 87' lang='lat' dir='ltr'><strong>soror</strong></span> <span class='ocrx_word' id='word_1_277' title='bbox 1005 4120 1022 4154; x_wconf 84' lang='lat' dir='ltr'><strong>a</strong></span> <span class='ocrx_word' id='word_1_278' title='bbox 1044 4103 1110 4153; x_wconf 83' lang='lat' dir='ltr'><strong>been</strong></span> <span class='ocrx_word' id='word_1_279' title='bbox 1132 4107 1219 4168; x_wconf 61' lang='lat' dir='ltr'><strong>faire·</strong></span> <span class='ocrx_word' id='word_1_280' title='bbox 1237 4105 1287 4156; x_wconf 87' lang='lat' dir='ltr'><strong>elle</strong></span> 
     </span>
     <span class='ocr_line' id='line_1_38' title="bbox 160 4173 1287 4240; baseline -0.001 -13"><span class='ocrx_word' id='word_1_281' title='bbox 160 4177 227 4227; x_wconf 80' lang='lat' dir='ltr'><strong>ra&#39;est</strong></span> <span class='ocrx_word' id='word_1_282' title='bbox 241 4175 340 4239; x_wconf 80' lang='lat' dir='ltr'><strong>qu&#39;une</strong></span> <span class='ocrx_word' id='word_1_283' title='bbox 357 4178 409 4223; x_wconf 79' lang='lat' dir='ltr'><strong>tres</strong></span> <span class='ocrx_word' id='word_1_284' title='bbox 423 4175 499 4224; x_wconf 80' lang='lat' dir='ltr'><strong>noble</strong></span> <span class='ocrx_word' id='word_1_285' title='bbox 513 4175 659 4238; x_wconf 78' lang='lat' dir='ltr'><strong>confidente</strong></span> <span class='ocrx_word' id='word_1_286' title='bbox 674 4178 698 4224; x_wconf 87' lang='lat' dir='ltr'><strong>et</strong></span> <span class='ocrx_word' id='word_1_287' title='bbox 714 4174 757 4224; x_wconf 82' lang='lat' dir='ltr'><strong>n&#39;u</strong></span> <span class='ocrx_word' id='word_1_288' title='bbox 770 4189 821 4238; x_wconf 82' lang='lat' dir='ltr'><strong>pus</strong></span> <span class='ocrx_word' id='word_1_289' title='bbox 835 4173 941 4224; x_wconf 87' lang='lat' dir='ltr'><strong>d&#39;eutre</strong></span> <span class='ocrx_word' id='word_1_290' title='bbox 963 4175 1019 4224; x_wconf 85' lang='lat' dir='ltr'><strong>rdle</strong></span> <span class='ocrx_word' id='word_1_291' title='bbox 1042 4190 1093 4240; x_wconf 86' lang='lat' dir='ltr'><strong>que</strong></span> <span class='ocrx_word' id='word_1_292' title='bbox 1115 4175 1183 4224; x_wconf 84' lang='lat' dir='ltr'><strong>celui</strong></span> <span class='ocrx_word' id='word_1_293' title='bbox 1207 4176 1287 4226; x_wconf 81' lang='lat' dir='ltr'><strong>d’une</strong></span> 
     </span>
     <span class='ocr_line' id='line_1_39' title="bbox 161 4245 1288 4313; baseline 0 -17"><span class='ocrx_word' id='word_1_294' title='bbox 161 4246 326 4313; x_wconf 74' lang='lat' dir='ltr'><strong>maqnifique</strong></span> <span class='ocrx_word' id='word_1_295' title='bbox 340 4247 438 4295; x_wconf 83' lang='lat' dir='ltr'><strong>utilite&#39;.</strong></span> <span class='ocrx_word' id='word_1_296' title='bbox 456 4266 468 4291; x_wconf 89' lang='lat'>»</span> <span class='ocrx_word' id='word_1_297' title='bbox 483 4248 572 4295; x_wconf 89' lang='lat' dir='ltr'><strong>Portr.</strong></span> <span class='ocrx_word' id='word_1_298' title='bbox 596 4249 733 4310; x_wconf 68' lang='lat' dir='ltr'><strong>contemp„</strong></span> <span class='ocrx_word' id='word_1_299' title='bbox 755 4251 773 4294; x_wconf 88' lang='lat' dir='ltr'><strong>t.</strong></span> <span class='ocrx_word' id='word_1_300' title='bbox 795 4245 825 4309; x_wconf 92' lang='lat' dir='ltr'><strong>V,</strong></span> <span class='ocrx_word' id='word_1_301' title='bbox 851 4261 875 4309; x_wconf 88' lang='lat' dir='ltr'><strong>p.</strong></span> <span class='ocrx_word' id='word_1_302' title='bbox 895 4245 951 4296; x_wconf 74' lang='lat'><strong>379.</strong></span> <span class='ocrx_word' id='word_1_303' title='bbox 967 4246 1084 4305; x_wconf 88' lang='lat' dir='ltr'><strong>Partium,</strong></span> <span class='ocrx_word' id='word_1_304' title='bbox 1104 4248 1188 4310; x_wconf 72' lang='lat' dir='ltr'><strong>fateor,</strong></span> <span class='ocrx_word' id='word_1_305' title='bbox 1204 4261 1288 4296; x_wconf 89' lang='lat' dir='ltr'><strong>carum</strong></span> 
     </span>
     <span class='ocr_line' id='line_1_40' title="bbox 162 4317 1288 4383; baseline 0.001 -17"><span class='ocrx_word' id='word_1_306' title='bbox 162 4333 224 4383; x_wconf 87' lang='lat' dir='ltr'><strong>quas</strong></span> <span class='ocrx_word' id='word_1_307' title='bbox 239 4319 290 4380; x_wconf 83' lang='lat' dir='ltr'><strong>agit</strong></span> <span class='ocrx_word' id='word_1_308' title='bbox 308 4317 432 4365; x_wconf 89' lang='lat' dir='ltr'><strong>minimum</strong></span> <span class='ocrx_word' id='word_1_309' title='bbox 447 4322 593 4366; x_wconf 85' lang='lat' dir='ltr'><strong>momentum</strong></span> <span class='ocrx_word' id='word_1_310' title='bbox 616 4322 673 4377; x_wconf 86' lang='lat' dir='ltr'><strong>est;</strong></span> <span class='ocrx_word' id='word_1_311' title='bbox 698 4331 790 4366; x_wconf 91' lang='lat' dir='ltr'><strong>morum</strong></span> <span class='ocrx_word' id='word_1_312' title='bbox 812 4331 869 4365; x_wconf 81' lang='lat' dir='ltr'><strong>reru</strong></span> <span class='ocrx_word' id='word_1_313' title='bbox 890 4332 951 4380; x_wconf 90' lang='lat' dir='ltr'><strong>quos</strong></span> <span class='ocrx_word' id='word_1_314' title='bbox 973 4317 1080 4377; x_wconf 83' lang='lat' dir='ltr'><strong>exhibet,</strong></span> <span class='ocrx_word' id='word_1_315' title='bbox 1100 4319 1161 4366; x_wconf 88' lang='lat' dir='ltr'><strong>satis</strong></span> <span class='ocrx_word' id='word_1_316' title='bbox 1181 4319 1288 4368; x_wconf 87' lang='lat' dir='ltr'><strong>vividum</strong></span> 
     </span>
     <span class='ocr_line' id='line_1_41' title="bbox 163 4390 625 4452; baseline -0.006 -12"><span class='ocrx_word' id='word_1_317' title='bbox 163 4404 220 4440; x_wconf 88' lang='lat' dir='ltr'><strong>esse</strong></span> <span class='ocrx_word' id='word_1_318' title='bbox 235 4390 341 4452; x_wconf 87' lang='lat' dir='ltr'><strong>speciem</strong></span> <span class='ocrx_word' id='word_1_319' title='bbox 357 4403 402 4451; x_wconf 83' lang='lat' dir='ltr'><strong>ego</strong></span> <span class='ocrx_word' id='word_1_320' title='bbox 417 4390 514 4452; x_wconf 87' lang='lat' dir='ltr'><strong>quidem</strong></span> <span class='ocrx_word' id='word_1_321' title='bbox 530 4390 625 4451; x_wconf 88' lang='lat' dir='ltr'><strong>opinor.</strong></span> 
     </span>
    </p>
   </div>
   <div class='ocr_carea' id='block_1_9' title="bbox 0 0 1447 4928">
    <p class='ocr_par' dir='ltr' id='par_1_13' title="bbox 0 0 1447 4928">
     <span class='ocr_line' id='line_1_42' title="bbox 0 0 1447 4928; baseline 0 0"><span class='ocrx_word' id='word_1_322' title='bbox 0 0 1447 4928; x_wconf 95' lang='lat' dir='ltr'><strong> </strong></span> 
     </span>
    </p>
   </div>
  </div>
 </body>
</html>
