2844 4928
229 301 271 365 36
685 316 761 361 raas
785 316 889 362 raros.

228 491 468 582 ponendorum
487 491 673 559 verborum
692 491 884 581 aequabilis
902 490 964 557 illa
981 495 1014 557 et
1033 492 1148 577 gravis
1167 492 1256 559 ratio
1280 515 1354 581 qua

226 600 261 666 in
295 599 361 666 hoc
388 600 465 666 loeo
491 598 665 685 Vergilius
693 600 813 679 utitur,
843 604 916 665 tum
945 604 1190 689 usurpatorum
1217 599 1354 667 ibidem

226 706 476 774 vocabulorum
518 707 755 774 ornatissimus
798 706 952 773 delectus
985 728 992 774 :
1028 706 1122 796 quod
1161 712 1351 798 utrumque

227 817 282 883 vel
307 820 340 882 et
369 815 469 882 nobis
497 815 691 881 etiamnunc
717 814 936 905 perspicitur,
965 815 1123 904 quamvis
1150 814 1352 882 hebetiores

225 923 420 990 necessario
439 923 652 1011 nimiumque
671 923 784 1008 ignari
803 923 1051 989 existimatores
1066 922 1163 988 latini
1178 923 1351 989 sermonis

227 1031 333 1100 simus
346 1039 368 1096 ¹.
978 1094 985 1115 ,
1105 1093 1108 1098 .

270 1138 390 1227 Neque
411 1138 536 1203 mirum
557 1138 584 1203 si
604 1137 684 1204 huic
703 1138 920 1227 potissimum
938 1135 1203 1202 Andromachae
1223 1137 1350 1204 infixos

227 1245 388 1312 Racinius
417 1246 566 1311 tenuerit
585 1245 732 1313 oculos:
761 1245 941 1334 paululum
971 1245 1060 1311 enim
1089 1246 1120 1310 ei
1146 1243 1351 1312 addendum

226 1352 282 1418 vel
309 1352 514 1420 mutandum
542 1353 728 1442 superfuit,
750 1357 826 1418 ute
849 1352 955 1417 latina
973 1350 1228 1434 Andromacha,
1251 1357 1353 1419 tanta

178 1526 179 1533 ,
227 1464 261 1526 et
275 1460 429 1550 eorporis
445 1465 479 1526 et
497 1460 661 1526 orationis
681 1459 848 1544 dignitate
869 1461 967 1548 quasi
987 1459 1119 1542 induta,
1141 1459 1352 1549 politissima

226 1567 389 1658 deinceps
412 1568 473 1634 illa
507 1595 523 1629 a
550 1567 728 1633 domina»
756 1566 918 1633 evaderet
942 1568 997 1633 cui
1025 1567 1169 1654 gallicus
1191 1566 1350 1653 Pyrrhus

224 1674 429 1765 imperando
449 1675 567 1740 servit.

269 1780 370 1847 Adde
389 1781 482 1872 quod
501 1780 669 1868 majorem
689 1779 890 1866 Vergiliana
908 1779 1153 1847 Andromacha
1170 1780 1350 1847 tristitiam

224 1910 309 1978 prae
338 1911 373 1954 se
393 1889 459 1955 fert
487 1911 591 1979 quam
618 1888 813 1970 Homerica,
846 1893 963 1978 utpote
992 1889 1057 1969 cui,
1085 1891 1233 1973 conjuge
1260 1887 1350 1955 tilio-

225 2018 292 2085 que
316 1996 515 2080 interfectis,
539 1996 735 2081 gravissimi
758 2001 878 2084 postea
899 1996 1159 2085 turpissimique
1178 1995 1349 2062 incubue-

225 2104 294 2169 rint
313 2104 486 2170 servitutis
506 2103 655 2172 dolores.
670 2102 766 2184 Quae
787 2123 867 2168 sane
887 2102 1074 2168 infortunia
1088 2102 1161 2190 jam
1181 2103 1217 2167 in
1236 2101 1348 2170 Iliade

224 2209 468 2276 Andromacha
500 2216 585 2300 quot
620 2217 653 2275 et
681 2214 811 2299 quanta
842 2210 958 2276 futura
993 2211 1061 2276 sint
1092 2211 1192 2275 anxia
1228 2216 1349 2278 mente

224 2319 404 2407 praecipit,
421 2317 635 2407 futurasque,
658 2317 783 2407 quihus
799 2323 1006 2400 reservatur,
1023 2318 1233 2391 calamitates
1248 2339 1349 2409 pers-

222 2425 333 2513 picaci
352 2427 466 2491 animo
487 2426 724 2511 auguratur²:
748 2424 905 2490 subridet
926 2424 987 2490 illa
1006 2429 1120 2490 tamen
1141 2426 1230 2491 inter
1248 2427 1347 2515 ipsas

219 2532 379 2598 lacrimas
395 2536 612 2621 maestasque
630 2533 874 2619 cogitationes;
891 2532 1013 2620 bisque
1030 2533 1133 2597 etiam
1153 2531 1344 2599 subridet⁸.

265 2638 383 2705 Noluit
404 2644 524 2705 contra
546 2637 721 2724 Vergilius
745 2640 932 2728 quicquam
957 2640 989 2704 ei
1012 2660 1193 2728 superesse
1217 2638 1344 2706 hilare.

221 2744 422 2832 Vergiliana
431 2745 686 2826 Andromacha,
699 2745 837 2811 tametsi
856 2767 933 2812 eam
952 2746 1062 2831 magis
1082 2745 1189 2831 digna
1204 2746 1348 2814 fortuna

220 2853 351 2935 revisit,
382 2854 499 2934 vitam,
531 2852 618 2920 sicut
649 2873 734 2918 onus
759 2852 824 2918 suh
852 2876 921 2941 quo
941 2852 1075 2920 defessa
1096 2853 1235 2936 fatiscit,
1257 2853 1347 2920 tole-

220 2981 296 3026 rare
316 2959 416 3026 nohis
433 2960 570 3026 videtur
583 2981 589 3040 3
604 2960 711 3025 tristis
726 2959 929 3026 adveniente
938 2960 1085 3042 Aenea⁵,
1101 2959 1346 3049 proficiscente

219 3238 337 3286 mittenda
350 3242 399 3297 est,
416 3242 466 3287 tum
484 3239 505 3288 J.
523 3239 607 3287 Hanar
622 3238 725 3286 forsitan
741 3237 928 3286 adsentiendum
947 3236 1147 3291 existimamini
1163 3235 1316 3298 intellegenti
1335 3252 1343 3286 ε

221 3308 414 3358 «Andromache
429 3325 478 3359 non
493 3313 562 3372 paret
575 3309 658 3374 regiae
677 3323 705 3357 ac
720 3310 837 3357 femineae
853 3308 991 3364 decentiae,
1007 3309 1024 3355 ὰ
1040 3306 1198 3372 t'ettquette,
1213 3321 1249 3355 uu
1265 3308 1344 3357 deco·

220 3395 288 3430 rum.
308 3408 339 3416 -
357 3381 406 3430 Sed
424 3383 505 3444 potius
525 3395 579 3429 curn
604 3381 760 3440 Passennus,
779 3381 881 3428 Brasaca
900 3384 923 3427 et
947 3380 1060 3438 Beamss,
1079 3374 1220 3441 recipienda
1239 3380 1313 3428 lectio
1337 3397 1343 3429 :

220 3470 232 3496 «
251 3452 352 3501 honore.
370 3471 381 3496 u
396 3481 426 3490 -
443 3453 570 3511 Formosa,
586 3453 678 3511 Herus,
694 3452 816 3510 Waausa,
838 3452 927 3514 aliique
949 3450 1063 3498 «honori
1081 3469 1092 3493 u
1116 3451 1250 3512 recipiunt,
1269 3450 1345 3502 aliter

219 3528 300 3571 tamen
314 3539 385 3587 quarn
401 3526 485 3573 hasar
502 3526 697 3588 interpretantes.
716 3551 745 3559 —
759 3525 829 3583 lanu,
841 3524 914 3571 etiam
928 3537 981 3570 cum
998 3541 1009 3565 a
1026 3521 1123 3581 honori,
1135 3541 1147 3564 u
1162 3523 1234 3571 sicuti
1249 3523 1344 3573 Paean-

219 3609 294 3654 naur,
311 3597 414 3645 Rreasen
428 3601 452 3645 et
466 3597 581 3658 Buaoisr,
597 3599 770 3658 interpretatur
786 3610 792 3644 ε
814 3615 825 3638 u
842 3594 900 3643 aare
913 3609 945 3642 ue
966 3593 989 3642 te
1005 3592 1065 3642 cede
1082 3609 1132 3656 pus
1147 3609 1181 3643 eu
1198 3593 1343 3658 honneurs,

220 3681 251 3715 en
267 3669 443 3735 te'moipnuqes
457 3668 489 3718 de
503 3668 698 3717 consideration
711 3670 737 3716 et
751 3667 913 3732 d’alfectica,
929 3670 1006 3715 usca
1020 3666 1098 3714 murt.
1116 3684 1128 3710 u
1191 3705 1192 3709 ,

251 3738 275 3787 1.
293 3737 354 3788 Vide
369 3741 513 3803 praesertim
527 3755 567 3789 vv.
579 3738 692 3798 321-329,
703 3738 816 3796 337-34a
827 3739 868 3786 ubi
884 3738 977 3801 aptiore
991 3743 1015 3786 et
1030 3738 1165 3800 quadrante
1180 3738 1257 3802 magis
1273 3754 1344 3790 com-

166 3845 169 3849 <
219 3810 355 3872 positione,
372 3815 444 3874 atque
460 3813 570 3860 adinstar
590 3811 710 3860 oratoriae
729 3811 823 3872 periodi
846 3810 967 3858 sententia
986 3810 1095 3867 struitur,
1114 3810 1185 3859 simul
1200 3825 1228 3858 ac
1243 3811 1343 3873 plenior

220 3887 290 3931 sonat
303 3896 392 3930 versus
407 3884 486 3945 ipsius
501 3898 625 3942 numerus,
643 3883 801 3944 longioraque
814 3886 937 3944 ponuntur
949 3882 1032 3939 verba,
1049 3895 1152 3944 quorum
1168 3883 1243 3930 etiam
1257 3885 1342 3948 aliqua

219 3969 234 4002 a
248 3954 320 4002 solitu
335 3969 381 4002 usa
393 3956 524 4003 remotiora
536 3959 592 4003 sunt
607 3955 747 4016 (superatne
761 3958 786 4002 et
799 3954 910 4002 vescitur
920 3954 1039 4016 uura...).

250 4025 273 4074 2.
293 4025 456 4088 Nequicquam
476 4027 538 4074 enim
558 4026 646 4074 Hector
666 4025 767 4086 exejus
787 4025 866 4073 auimo
883 4025 963 4073 tristia
982 4025 1110 4088 praesagia
1128 4031 1244 4076 excutere
1262 4031 1343 4079 tentat

220 4097 272 4161 (tl,
288 4112 322 4157 vr,
337 4096 383 4146 476
395 4111 459 4159 sqq..
475 4125 505 4133 —
520 4097 596 4160 Aba).
611 4124 640 4133 -
657 4096 692 4144 ΕΙ.
708 4095 762 4155 496,
780 4095 835 4146 500.

250 4168 274 4219 3.
292 4168 334 4226 lt,
352 4167 392 4224 Vl,
408 4167 463 4224 ΙΙΙ,
479 4168 596 4217 tas-tat.

250 4241 273 4291 Ι.
292 4241 367 4301 Aea,
383 4239 423 4299 ΙΙΙ,
440 4239 552 4290 ata-314.
569 4268 599 4276 —
619 4241 643 4287 ln
661 4239 706 4288 hoc
721 4240 774 4287 loco
789 4239 924 4288 rectissime
939 4239 1042 4290 Scaurus
1062 4244 1086 4288 et
1100 4240 1172 4288 Turni.
1187 4241 1248 4289 haec
1263 4243 1343 4294 verba

220 4330 233 4356 «
249 4313 313 4362 reris
329 4311 453 4360 turbatus
465 4313 567 4361 vocibus
583 4313 652 4360 hisco
662 4312 881 4373 »interpretantun
896 4312 965 4373 quasi
980 4311 1166 4362 Andromachae
1182 4314 1306 4376 singultus
1316 4322 1343 4366 et

219 4382 407 4433 lamentationes
422 4398 557 4433 sermonem
572 4384 669 4434 Aeneae
683 4384 783 4432 turbent
797 4387 820 4431 et
836 4383 1000 4447 interpellent.
