2844 4928
153 329 216 394 126
568 350 646 397 rans
669 352 851 399 rosrnnron.

150 527 382 592 musculosam
403 528 583 609 cervicem,
606 533 640 594 et
657 528 758 595 nimis
779 526 900 593 duram
919 524 1042 607 aciem,
1067 527 1102 590 et
1121 524 1264 592 colorem

151 634 222 700 sole
251 633 412 699 adustum
445 635 549 700 inisse
578 636 651 701 veri
680 634 790 700 simile
820 632 888 722 sit).
918 631 1011 698 Nihil
1039 631 1140 698 alind
1169 655 1265 723 qnam

148 745 267 825 gestus
288 747 322 805 et
340 740 478 807 habitus
498 745 724 823 venustatem,
748 745 782 806 et
809 740 962 806 incessus
986 738 1169 805 levitatem
1188 740 1265 806 mire

149 846 291 935 quidem
311 847 485 913 concinnis
505 848 663 914 versibus
684 847 874 936 exprimit¹.

191 953 297 1020 Alind
315 977 452 1045 quoqne
471 954 577 1020 habet
597 953 795 1040 Vergiliana
815 951 959 1020 Camilla
979 953 1076 1018 sexui
1097 973 1163 1019 suo
1178 953 1268 1040 inge·

147 1061 258 1126 nitnm
277 1066 312 1126 et
326 1061 518 1128 adhaerens
538 1061 808 1130 :munditiarum
825 1059 902 1126 dico
922 1059 1113 1125 amorem².
1133 1058 1268 1151 Simpli-

148 1169 322 1235 cissimnm
338 1169 429 1235 enim
449 1191 525 1235 eam
544 1168 700 1237 Metabus
720 1172 818 1259 pater
838 1167 968 1233 cultum
989 1165 1162 1233 docuerat
1185 1189 1193 1235 :

302 1364 356 1413 Pro
370 1358 473 1412 crinali
489 1373 569 1424 auro,
585 1372 635 1425 pro
653 1361 757 1424 longae
775 1359 904 1425 tegmine
921 1360 1017 1425 pallae

302 1441 417 1504 tigridis
433 1442 556 1494 exuviae
571 1454 622 1506 per
638 1441 757 1492 dorsum
773 1453 790 1492 a
805 1441 913 1493 vertice
927 1441 1087 1505 pendente

191 1609 354 1675 Adultam
374 1615 488 1677 antem
506 1610 676 1695 virginem
696 1611 926 1701 comperimus
947 1613 1179 1680 austeriorem
1198 1636 1269 1682 ves-

145 1718 246 1783 titum
285 1718 424 1783 omnino
459 1719 654 1808 respuisset
688 1740 695 1785 :
735 1720 862 1784 etenim
897 1720 976 1803 illa,
1015 1721 1078 1786 ubi
1116 1723 1268 1810 primum

148 1850 165 1883 o
191 1822 318 1891 Volsca
341 1824 383 1890 de
412 1831 515 1909 gente
542 1824 728 1890 adveniens
755 1852 770 1886 »
802 1825 955 1892 Turnum
979 1827 1063 1909 adit,
1087 1827 1166 1914 jam
1191 1834 1268 1895 tnnc

146 1937 217 1997 tam
237 1933 382 2022 comptis
401 1932 555 1998 vestibus
576 1939 696 1998 ornata
714 1932 854 2015 incedit,
876 1937 999 2001 utnon
1020 1935 1133 2002 solum

442 2127 526 2180 tectis
540 2127 678 2192 agrisque
692 2127 785 2180 effusa
795 2127 939 2192 juventus

146 2338 190 2348 -
206 2298 306 2389 (quae
327 2299 469 2388 quidem
487 2299 610 2365 faciem
636 2305 669 2364 et
695 2322 820 2390 corpus
852 2299 992 2386 virginis
1016 2303 1132 2389 potius
1163 2321 1266 2390 qnam

145 2407 592 2497 vestemcontemplaretur)
606 2430 613 2490 3
627 2408 856 2474 —sedetiam
869 2407 999 2475 «turba
1022 2434 1038 2468 »
1058 2407 1136 2497 ipsa
1160 2435 1176 2469 α
1200 2431 1266 2474 ma-

145 2519 248 2596 trum,
275 2543 290 2575 »
310 2515 497 2604 sapientior
517 2537 642 2604 nempe
663 2519 696 2580 et
716 2514 849 2581 doctior
871 2514 1123 2601 elegantiarum
1144 2514 1263 2601 judex,

148 2649 164 2682 (ι
186 2621 337 2688 attonitis
363 2619 486 2687 oreimis
509 2620 626 2687 inhiet.
655 2649 671 2682 »
702 2621 816 2711 Atque
842 2620 892 2711 (ut
915 2620 970 2687 vel
995 2621 1128 2687 minuta
1148 2644 1266 2712 perse·

146 2750 294 2816 quamnr
311 2733 450 2817 poetae,
473 2733 506 2794 et
523 2728 631 2816 ipsius
656 2729 795 2793 minutis
815 2728 953 2809 attenti,
976 2726 1095 2816 verba)
1117 2750 1190 2794 non
1214 2750 1267 2794 so-

145 2835 217 2900 lum
237 2834 520 2924 apparatissinrae
540 2838 618 2899 sunt
644 2839 678 2899 et
697 2834 900 2921 magnificae
920 2833 1065 2902 Volscae
1082 2834 1267 2902 Amazonis

67 2981 71 2988 ·
145 2943 287 3008 vestitus
308 2946 434 3031 parteS,
458 2963 543 3030 quas
564 2942 774 3007 necessarias
796 2941 985 3031 appellem,
1010 2981 1054 2991 -
1074 2942 1164 3008 sicut
1193 2942 1266 3032 pal-

144 3049 241 3131 lium,
265 3088 307 3099 -—
327 3049 389 3116 sed
408 3054 441 3114 et
459 3049 544 3114 istae
570 3070 658 3138 qnae
686 3048 730 3114 ad
757 3071 1048 3139 supervacaneam
1075 3050 1267 3116 exornatio·

144 3177 224 3221 nem
249 3156 459 3246 pertineant,
485 3196 529 3206 -
557 3157 644 3222 sient
664 3178 768 3222 aurea
790 3156 866 3237 illa,
888 3156 1040 3225 crinibus
1069 3156 1264 3239 internexa,

145 3263 283 3329 fibula⁵.

179 3488 202 3535 1.
218 3488 282 3537 Aen.
304 3486 355 3547 Vll,
375 3485 500 3547 sot-8113
521 3487 563 3548 Xl,
584 3487 638 3546 500,
661 3487 714 3545 cta,
736 3488 791 3547 654,
811 3486 867 3548 694,
887 3486 943 3546 ⁶118,
963 3486 1018 3547 765,
1037 3486 1092 3537 tor.
1111 3487 1204 3538 Nescio
1227 3504 1269 3539 cur

148 3558 238 3617 Pierio,
256 3559 361 3621 aliisque
376 3559 516 3621 philologis,
531 3574 572 3609 vv.
590 3559 699 3608 808-811
715 3559 896 3622 displicuerint.
914 3587 943 3594 -
959 3558 1056 3616 Srnnco,
1078 3558 1269 3610 Hotdeworth'a

148 3630 281 3688 Remuria,
297 3645 322 3691 p.
340 3630 408 3679 309:
426 3650 437 3673 «
454 3628 630 3679 Pln'toctratns
644 3633 772 3679 oneratione
787 3645 823 3679 on
841 3631 946 3679 ancient
962 3630 1087 3693 pointing
1108 3631 1219 3694 (leones,
1239 3633 1268 3693 ll,

146 3701 186 3763 35)
202 3703 234 3764 of
244 3702 317 3750 tinne
331 3701 442 3765 trprnplrs
456 3701 579 3764 (toracinp,
593 3701 647 3751 ond
665 3702 786 3765 tneodinp
803 3717 835 3750 on
850 3702 951 3765 flouers
966 3701 1021 3750 und
1037 3716 1097 3750 ears
1114 3703 1147 3766 of
1161 3718 1227 3753 corn
1242 3718 1268 3752 so

148 3772 264 3836 tipbtblj
280 3773 340 3822 thot
352 3773 413 3836 they
428 3773 563 3822 remnined
577 3772 688 3837 entirely
703 3774 825 3822 neharot.
844 3792 856 3817 »

178 3844 201 3891 2.
222 3844 282 3892 illud
297 3845 440 3906 diligentius
456 3845 580 3892 mulierum
595 3861 609 3893 a
623 3859 650 3892 se
665 3845 799 3893 elictarum
814 3845 937 3907 Vergilius
957 3847 1024 3892 notai
1037 3857 1109 3906 quam
1125 3859 1270 3908 corpoream

148 3917 262 3980 speciem.
279 3917 316 3965 Gt.
330 3915 360 3963 de
376 3916 478 3974 Didone,
495 3916 513 3974 l,
529 3915 638 3977 751,1V‚
656 3915 768 3965 133-139.

178 3987 202 4035 3.
221 3989 284 4037 Aen.
303 3987 345 4044 xi,
361 3986 474 4036 aro-577.

178 4058 201 4106 i.
220 4060 287 4106 Aen.
303 4058 353 4118 Vll,
370 4057 481 4108 812-818.

179 4130 201 4179 5.
221 4130 299 4178 Lunns
313 4130 412 4194 (Antip.
435 4129 538 4193 Verqil„
556 4145 579 4192 p.
595 4130 713 4193 als-249)
728 4151 740 4176 «
757 4132 854 4180 fibulam
871 4150 882 4175 a
898 4135 982 4180 censet
996 4131 1036 4180 hic
1050 4145 1166 4180 essenon
1183 4133 1271 4184 Rome·

148 4216 234 4250 narum
249 4206 412 4250 matronarum
427 4217 504 4250 ccam
518 4201 733 4262 dt'scrtminntem,
746 4218 829 4253 verum
845 4218 930 4252 revera
941 4203 1126 4251 Atheniensium
1142 4205 1272 4255 mulierum

149 4274 247 4321 fibulam
262 4287 323 4335 quae
339 4293 350 4317 n
368 4274 466 4320 sormam
477 4288 564 4320 naneae
579 4275 678 4322 cicadae
693 4275 716 4321 in
728 4275 779 4323 Nisi
791 4289 886 4336 qnoque
900 4274 990 4335 eupillo
1007 4274 1111 4322 obtinuit
1126 4274 1162 4338 (v.
1178 4277 1271 4336 Cirim,

149 4343 212 4403 127).
233 4362 244 4385 υ
261 4363 273 4387 «
290 4342 430 4406 Quanquam
446 4344 477 4390 dc
494 4344 552 4391 Niso
568 4360 614 4391 non
630 4345 719 4407 injurio
734 4345 816 4393 dicere
831 4347 936 4407 potetis,
953 4345 1138 4392 Atheniensium
1160 4346 1273 4398 hobitum

148 4415 173 4462 in
194 4414 260 4462 illum
278 4415 358 4478 ipsum
379 4414 497 4464 Graecum
522 4416 598 4478 magis
622 4416 742 4480 quadrare
765 4431 834 4480 quam
857 4416 882 4464 in
905 4415 1016 4465 Volscam
1041 4415 1174 4479 virginem.
1202 4438 1216 4464 n
1239 4420 1274 4471 Da
