2844 4928
152 292 195 360 58
609 307 685 362 rans
708 309 814 362 aaron.

149 489 242 558 tibus
264 491 436 561 illecebris
462 489 507 556 ad
531 511 684 557 amorem
712 491 906 572 seducatur,
928 495 1044 556 tamen
1064 512 1183 581 neque
1205 490 1280 558 sola

151 602 272 688 sponte
292 620 365 684 sua,
387 621 499 688 neque
518 605 590 665 tam
609 599 836 675 eitoeessura
854 596 1024 674 videatur,
1043 598 1111 663 nisi
1137 597 1279 665 aliunde

149 705 299 795 impulsa
318 708 372 776 sit.
779 763 781 767 .

175 811 269 879 ¹Non
308 835 389 880 sane
427 813 521 903 quod
553 812 659 895 Dido,
699 813 755 879 vel
792 814 896 879 etiam
926 817 1111 901 antequam
1140 813 1291 880 Annam

150 919 262 1003 adeat,
289 943 356 987 non
373 920 447 1008 jam
472 921 563 987 ultro
587 921 631 987 ad
654 920 908 1008 indulgendum
934 948 950 982 «
972 920 1100 1009 placito
1123 948 1139 983 »
1166 920 1278 987 amori

149 1049 271 1094 revera
296 1027 447 1095 inclinet.
470 1027 580 1096 Immo
609 1033 744 1110 contra,
769 1028 879 1095 verba
900 1026 1011 1110 illius,
1038 1027 1119 1096 inde
1144 1028 1189 1095 ab
1210 1029 1276 1099 isto

149 1156 281 1204 versu:

320 1267 351 1321 Si
365 1266 440 1319 mihi
452 1280 513 1319 non
527 1267 626 1320 animo
641 1268 735 1321 tirum
750 1268 967 1333 immotumque
983 1267 1108 1334 sederet,

149 1498 259 1567 usque
287 1476 332 1542 ad
357 1476 592 1543 oratiunculae
620 1476 741 1559 finem,
775 1477 889 1566 potius
919 1475 1072 1565 aliquam
1111 1473 1274 1541 exhibent

152 1611 168 1645 α
197 1584 403 1651 actionem»
433 1606 502 1673 qua
521 1583 597 1673 ipsa
622 1584 674 1650 sui
694 1584 820 1651 amoris
842 1604 982 1649 causam
1009 1588 1099 1664 orat,
1127 1586 1273 1672 oratque

147 1691 386 1781 peritissime¹.
407 1690 543 1757 Etenim
562 1690 641 1757 illae
662 1692 758 1781 ipsae
779 1713 914 1772 causae,
937 1712 1021 1779 quas
1043 1688 1142 1755 affert
1156 1693 1194 1756 ut
1214 1712 1274 1756 cu-

147 1797 257 1888 pidati
285 1820 367 1864 suae
396 1797 636 1864 obsistendum
667 1821 742 1864 esse
771 1798 836 1864 sihi
865 1797 932 1886 ipsi
959 1795 1185 1887 persuadeat,
1212 1819 1274 1864 eae

148 1907 287 1972 omnino
316 1910 395 1974 sunt
424 1927 513 1995 quae
538 1927 606 1971 non
635 1905 749 1972 minus
777 1906 866 1972 bene
897 1905 1030 1994 possint
1057 1906 1274 1972 econtrario
1338 1967 1340 1973 .

35 2052 37 2065 ·
80 2091 82 2098 Α
148 2012 254 2101 objici
273 2018 312 2078 ut
329 2013 362 2078 ei
381 2012 558 2080 concedat.

191 2121 348 2209 Namque
363 2119 442 2187 ideo
461 2120 509 2186 ait
527 2119 573 2186 ad
587 2120 672 2190 alias
691 2121 828 2210 nuptias
843 2120 991 2187 transire
1013 2141 1049 2187 se
1067 2084 1174 2203 nolle,
1192 2120 1277 2212 quia

147 2249 273 2317 nempe
294 2226 390 2294 illam

397 2360 511 2426 primus
524 2371 608 2414 amor
623 2360 777 2426 deceptam
790 2366 885 2414 morte
898 2359 1020 2424 retollit3

148 2587 261 2633 nonne
278 2570 466 2632 veretanto
486 2588 523 2632 se
539 2567 823 2636 excusabiliorem
837 2568 989 2635 futuram
1004 2588 1079 2634 esse
1094 2567 1277 2656 praeclare

148 2673 254 2754 novit,
277 2711 320 2722 —
340 2673 368 2739 si
388 2672 544 2739 oblatum
565 2672 678 2739 denuo
698 2696 852 2741 amorem
868 2697 937 2741 non
956 2670 1210 2764 repudiaverit,
1231 2715 1277 2725 —

149 2784 277 2869 quanto
306 2780 417 2866 magis
440 2764 629 2869 impreviso
648 2781 839 2870 'atrocique
868 2781 972 2848 casu²
998 2780 1120 2846 orbata
1146 2778 1276 2848 dilecto

149 2887 297 2974 conjuge
317 2887 446 2952 fuerit?
856 2963 865 2970 ,

194 3019 210 3054 «
232 2993 435 3060 Pertaesum
455 3021 472 3055 a
493 3015 631 3083 quoque
657 3015 693 3059 se
714 3015 789 3060 esse
818 3022 834 3056 (ι
857 2995 1000 3062 thalami
1020 2993 1236 3085 taedaeque³
1255 3025 1273 3059 »

149 3099 327 3191 adfirmem
350 3101 404 3166 eui
424 3122 506 3166 vero
529 3123 565 3168 se
585 3099 690 3167 fidem
708 3100 877 3167 iacturam
903 3108 1082 3191 sperat-
1107 3103 1149 3191 (si
1167 3103 1275 3170 modo

182 3367 204 3417 1.
220 3367 309 3417 Nescio
323 3381 354 3414 au
369 3366 434 3414 iliam
449 3366 522 3414 animi
538 3366 562 3414 vi
577 3367 667 3414 amoris
685 3367 778 3416 incitati
792 3368 960 3430 intemperiem
973 3368 1096 3432 Vergilius
1118 3370 1192 3418 nimio
1207 3385 1275 3433 quo-

150 3438 205 3486 dam
220 3438 350 3486 verborum
379 3438 443 3486 tastu
460 3451 491 3485 ex
505 3438 631 3500 proposito
651 3437 807 3490 indicaverit.
827 3438 930 3498 Quando
945 3440 1020 3502 igitur
1043 3441 1067 3488 in
1090 3440 1155 3490 hune
1168 3456 1276 3493 versum

150 3508 200 3572 (IV,
218 3508 258 3571 at)
275 3523 281 3557 ι

398 3589 467 3642 Ante,
480 3587 561 3642 Pudor,
575 3600 642 3644 quarn
654 3594 676 3632 te
688 3589 747 3633 violo
761 3596 800 3634 eut
812 3596 850 3634 tua
861 3591 912 3646 iura
927 3591 1021 3646 resolvo,

150 3732 265 3780 observat
280 3731 423 3780 Pareamus·
435 3731 481 3780 hoc
495 3732 567 3780 nimis
582 3733 703 3782 rhetorice
718 3733 809 3783 dictum
825 3749 880 3784 esse
897 3749 903 3782 ε
922 3754 934 3779 «
948 3734 1015 3793 Quae
1022 3735 1153 3783 verborum
1169 3741 1273 3799 pompat

150 3816 220 3866 quam
234 3803 313 3851 inanis
327 3808 427 3851 ornatus
439 3805 444 3852 i
458 3823 469 3847 »
481 3831 509 3839 —
518 3805 647 3866 sagaciter,
665 3805 750 3866 fateor,
766 3805 855 3865 sentit;
868 3833 897 3841 »-
912 3806 1079 3868 quandovero
1094 3820 1190 3854 versum
1200 3808 1275 3858 istum

150 3879 280 3936 propterea
302 3875 379 3932 tollit,
406 3880 479 3923 errat.
508 3876 595 3923 Metius
619 3881 717 3933 contra,
742 3878 838 3939 opinor,
868 3877 1017 3925 Marrucino
1048 3879 1081 3925 ita
1112 3879 1220 3927 correxit
1248 3887 1276 3929 ut

151 3964 162 3989 α
180 3945 267 3993 Sancte
284 3946 365 3994 Pudor
378 3965 399 4004 »,
416 3961 464 3995 nou
479 3967 490 3991 «
506 3948 568 3995 Ante
586 3949 667 3996 Pudor
683 3967 694 3990 a
710 3962 791 3995 veram
807 3962 861 3996 esse
880 3950 1007 3997 lectionem
1023 3949 1163 4009 conjiceret.

181 4017 204 4064 2.
224 4036 235 4060 a
248 4016 354 4078 Sparsos
365 4018 472 4066 fraterna
482 4018 557 4066 caede
571 4018 676 4069 Penates
688 4037 699 4061 a
711 4018 762 4081 (it,
775 4018 815 4081 21)
828 4034 833 4066 2
846 4034 917 4082 quem
928 4035 1023 4068 versum
1039 4020 1120 4081 inepte
1134 4021 1185 4068 tolli
1197 4022 1276 4071 voluit
1293 4070 1297 4079 ,

151 4087 300 4137 paenuriae.
323 4114 354 4123 -
375 4088 447 4136 Recta
465 4093 502 4137 est
521 4089 598 4137 altera
614 4104 627 4137 e
643 4090 740 4137 duobus
754 4104 815 4151 quas
832 4091 873 4138 dat
893 4091 994 4139 Saavms
1010 4091 1274 4152 interpretationibus:

151 4179 163 4204 a
179 4159 304 4221 [Penates]
323 4160 429 4222 pollutos
446 4174 532 4208 cruore
549 4179 560 4204 a
579 4161 670 4209 fratris.
692 4159 727 4210 Ct.
743 4167 855 4211 recentes
874 4163 938 4225 apud
959 4162 1094 4210 Comaorou
1117 4162 1274 4226 interpretes.

180 4230 204 4282 3.
223 4230 367 4279 Panaciam
383 4246 389 4279 :
405 4250 416 4275 a
439 4231 491 4279 Non
507 4236 559 4280 emt
578 4231 643 4295 quod
657 4232 697 4280 hie
716 4233 844 4296 quisquam
862 4235 960 4284 timeret
980 4234 1166 4297 tautologiam...
1190 4235 1275 4285 Pudor

150 4301 258 4350 retardat
272 4307 296 4351 et
310 4303 411 4365 impedit
427 4304 557 4364 quominus
579 4304 661 4352 statim
680 4303 807 4367 eloquatur
827 4305 892 4368 quod
917 4306 999 4354 sentit.
1016 4304 1068 4353 Vox
1089 4306 1146 4353 novi
1166 4307 1274 4372 conjugii

150 4373 220 4437 quasi
244 4373 268 4420 in
290 4374 401 4422 saucibus
416 4374 509 4425 haeret.
532 4392 544 4417 a
