2844 4928
524 341 796 391 emorrannum.
1180 317 1221 387 43

100 521 252 589 consiliis
268 521 444 603 obsecuta,
456 520 623 587 ultionem
636 526 736 611 paret
751 525 784 586 et
798 522 1004 607 exsequatur
1017 516 1117 598 Dido,
1136 515 1223 582 illud
1254 594 1256 597 ¹

100 629 135 694 in
156 629 306 717 antiquis
332 627 457 694 fabulis
484 628 559 693 fuse
586 627 833 717 explicabatur,
858 627 945 692 sicut
970 623 1145 706 elustini,
1167 646 1224 690 ve-

10 784 12 788 ·
101 741 193 801 teres
225 734 408 801 historicos
442 735 633 823 sequentiS,
670 731 904 824 compendio¹,
937 734 973 797 in
1007 731 1073 797 hoc
1108 735 1223 796 tamen

102 842 272 928 longiore,
303 843 546 932 comperimus,
584 842 671 907 sicut
707 846 740 906 et
766 840 939 925 Vergilius
974 840 1048 928 ipse
1077 839 1220 919 monuit,

103 948 221 1016 dicens
244 970 251 1016 :

556 1057 656 1119 Longa
670 1059 716 1106 est
730 1054 846 1120 injuria,
861 1052 966 1118 longae

291 1136 448 1200 ambages,
462 1135 514 1188 scd
529 1147 647 1187 summa
659 1147 766 1199 sequar
779 1134 899 1199 fastigia
912 1147 1018 1185 rerum.

151 1313 247 1395 Quae
264 1336 346 1381 vero
366 1313 540 1401 Vergilius
562 1341 577 1375 «
600 1337 716 1381 rerum
734 1343 749 1376 »
767 1315 904 1381 illarum
926 1314 1092 1399 «fastigia
1112 1343 1127 1375 »
1148 1335 1223 1379 esse

101 1421 327 1508 judicaverit,
359 1444 448 1511 quae
475 1443 515 1487 ex
541 1423 690 1510 antiquis
716 1422 842 1489 fabulis
866 1422 912 1489 ad
934 1420 1103 1488 Didonem
1122 1422 1226 1510 perti-

104 1528 266 1596 nentibus
292 1532 492 1612 extraxerit,
520 1529 575 1596 vel
597 1529 773 1617 rejecerit,
795 1531 937 1621 propius
962 1528 1146 1596 observare
1171 1550 1226 1594 ex-

104 1636 213 1727 pedit.
1099 1724 1102 1731 Ι

153 1771 169 1804 «
194 1744 318 1827 Elissa,
341 1743 401 1811 din
419 1745 560 1811 fratrem
583 1753 727 1836 propter
752 1746 864 1813 scelus
888 1750 1056 1824 aversata,
1079 1742 1127 1810 cd
1146 1765 1224 1832 pos-

106 1877 122 1912 «
150 1863 297 1918 tremum
326 1851 540 1919 dissimulato
568 1852 663 1936 odio,
698 1854 923 1942 mitigatoque
952 1852 1086 1916 niteram
1115 1851 1221 1933 vulto,

107 1986 123 2020 α
149 1960 269 2046 fugam
289 1961 389 2026 tacite
409 1961 561 2028 molitur.
587 1989 602 2022 n
881 1955 889 1960 ’

151 2067 244 2134 Haeo
276 2066 465 2134 secundum
493 2069 624 2158 priscas
657 2068 817 2133 historias
845 2067 1020 2148 ‚lustinus3
1051 2065 1225 2150 Vergilius

105 2196 187 2240 vero
208 2174 394 2244 abolendas
414 2197 489 2241 esse
513 2198 628 2242 moras
648 2180 759 2241 tantas
780 2176 960 2256 existimat,
988 2173 1226 2261 Didonemque

106 2282 221 2347 statim
240 2287 279 2348 ut
293 2305 313 2348 a
326 2283 450 2348 marito
465 2282 640 2349 admonita
653 2283 777 2363 fuerat,
797 2282 966 2372 proficisci
986 2280 1226 2370 properavisse

105 2387 206 2474 fingit
227 2411 234 2458 :
258 2390 398 2475 scilicet,
417 2395 454 2456 ut
473 2391 606 2480 opinor,
628 2413 671 2456 ne
692 2389 849 2456 videatur
869 2387 1002 2455 vividus
1018 2389 1130 2453 minus
1150 2387 1226 2473 ejus
1259 2375 1262 2379 ’

104 2494 140 2560 in
170 2496 334 2562 amissum
370 2496 555 2583 conjugem
592 2518 700 2579 amor,
731 2516 816 2562 neve
850 2497 962 2561 minus
1000 2494 1226 2560 admiratione

106 2601 213 2688 digna
230 2604 378 2671 feminae
398 2603 553 2686 audacia,
577 2604 748 2693 siquidem
767 2603 895 2669 diutius
915 2602 1064 2687 cogitata
1083 2601 1227 2665 circum-

106 2715 294 2800 specteque
313 2711 446 2781 fuisset.
472 2712 521 2778 Eo
547 2712 767 2801 spectabilior
787 2711 861 2797 ejus
881 2710 944 2776 fuit
968 2731 1037 2798 quo
1060 2707 1104 2772 ad
1124 2728 1227 2793 agen·

106 2799 189 2882 dum
209 2819 403 2908 promptior
420 2818 598 2885 fortitudo.

153 2922 248 3004 Quae
273 2930 389 2991 autem
412 2931 603 3014 sequuntur
627 2926 662 2991 in
686 2926 835 3015 antiquis
863 2925 1001 3008 fabulis,
1033 2924 1077 2990 ab
1105 2922 1227 2989 eodem

105 3029 241 3097 Justino
268 3032 419 3115 traditis,
459 3032 629 3118 legenteS,
663 3033 882 3099 vaferrimam
914 3038 947 3098 et
982 3031 1227 3098 astutissimam

105 3137 340 3225 Pygmalionis
357 3162 510 3207 sororem
529 3139 693 3206 creditam
712 3140 817 3208 fuisse
837 3141 1029 3206 invenimus
1051 3161 1058 3208 :

153 3272 169 3307 «
264 3246 358 3313 Tunc
384 3248 527 3314 fratrem
555 3247 630 3314 dolo
662 3246 879 3337 appreciatum
905 3245 1007 3337 stupri
1026 3269 1059 3311 se
1083 3243 1129 3311 ad
1150 3266 1228 3310 cam

108 3379 125 3415 «
151 3353 298 3442 miprcre
325 3354 426 3438 velle,
456 3378 498 3421 ne
528 3356 675 3444 amplius
707 3356 738 3421 ei
768 3355 880 3421 mariti
910 3354 1050 3438 domus,
1081 3352 1227 3442 cupidae

108 3487 124 3522 «
152 3458 347 3545 oblivionis,
369 3483 511 3548 gravem
530 3463 643 3528 luctus
665 3463 853 3548 imaginem
877 3467 1033 3544 revocct;
1056 3484 1118 3527 nec
1137 3460 1227 3525 ultro

108 3593 125 3629 «
152 3589 270 3633 amara
307 3569 496 3635 admonitio
535 3570 643 3635 oculis
677 3570 752 3656 ejus
785 3574 955 3635 occurrat.
991 3569 1066 3634 Non
1101 3567 1227 3631 invitus

107 3701 124 3736 α
151 3673 355 3764 Pygmalion
376 3677 482 3742 verba
501 3677 628 3744 sororis
649 3675 820 3743 audivit...
843 3676 904 3744 sed
923 3676 1035 3741 Elissa
1054 3674 1228 3739 ministros

108 3809 124 3844 n
151 3784 368 3870 migrationis
388 3806 407 3849 a
426 3806 507 3871 rege
524 3785 658 3866 missos,
675 3785 819 3850 navibus
836 3805 912 3850 cum
929 3783 1087 3849 omuibus
1104 3780 1228 3870 opibus

109 3916 125 3951 α
152 3891 222 3956 suis
259 3891 373 3980 prima
408 3913 554 3981 vespera
589 3892 750 3981 imponit,
788 3898 1018 3980 provectaque
1049 3891 1085 3954 in
1121 3888 1229 3953 altum

107 4023 123 4058 «
151 3997 327 4086 compellit
356 4019 414 4062 eos
447 4020 550 4064 onera
580 4019 721 4079 urenae,
751 4020 813 4086 pro
847 3997 1012 4086 perarua,
1048 3994 1229 4060 irroolacrr's
1329 4055 1331 4058 ,

20 4092 31 4114 “
109 4131 125 4164 «
152 4103 304 4169 involuto
333 4104 368 4168 in
397 4125 490 4170 mare
517 4104 680 4190 dejicere.
709 4104 815 4186 Tunc,
839 4102 964 4192 deflens
984 4102 1057 4192 ipsa
1077 4100 1230 4190 lupabrr'-

110 4236 125 4271 α
152 4233 217 4300 quc
236 4233 314 4277 voce
333 4176 501 4277 dcerbcm
524 4212 616 4294 ciet,·
640 4217 714 4278 orat
739 4216 776 4277 ut
799 4210 911 4276 libens
938 4231 1021 4302 opes
1042 4230 1120 4276 suas
1141 4209 1229 4273 reci-

140 4415 164 4466 l.
183 4385 251 4476 xvin,
267 4413 290 4463 4.
