2844 4928
148 319 212 382 111
563 335 640 383 raas
663 334 846 384 rosrumoa.

145 516 252 582 sante.
285 510 378 593 Quid
410 532 491 577 vero
510 515 585 576 tum
612 510 672 578 fiet
701 512 743 578 de
773 537 790 576 u
816 513 972 577 materno
995 508 1123 597 jure¹‘l
1145 539 1161 573 »
1195 511 1269 594 Quo

146 640 285 685 cessura
310 621 361 687 est
380 618 521 703 reginae
542 619 738 702 auctoritas,
757 618 910 685 nondum
930 617 1112 701 hactenus,
1135 623 1175 684 ui
1198 620 1270 710 opi-

145 749 221 807 nor,
242 727 276 791 in
297 725 441 792 dubium
460 731 630 804 revocata,
653 726 776 808 atille,
798 746 901 815 quem
920 728 1040 814 postea
1059 725 1139 815 ipsa
1154 725 1269 792 Turno

146 832 429 905 commendatura
459 836 528 914 est,
563 860 579 894 a
609 833 718 900 honos
745 832 934 926 Amatae²l
966 860 982 894 »
1010 832 1170 898 Matrona
1198 833 1270 920 jam

145 963 226 1007 vere
246 962 388 1006 romana
406 939 530 1007 Amata
550 944 612 1024 est,
635 961 824 1030 suaeque«
847 939 1038 1026 majestatis
1061 965 1077 1000 »
1103 940 1271 1007 nominis-

147 1070 213 1138 que
243 1047 296 1113 sui
325 1047 604 1114 «sanctitudinis
631 1075 647 1108 »
676 1048 845 1114 conscia⁸.
868 1047 981 1136 Atque
1006 1045 1103 1112 haud
1133 1048 1205 1115 scio
1230 1071 1270 1114 an

147 1152 332 1239 Vergilius,
363 1153 503 1244 quando
531 1153 633 1219 istam
652 1153 881 1246 adumbraret
899 1153 1085 1239 imaginem
1105 1153 1267 1237 Amatae,

145 1259 285 1326 illarum
305 1264 541 1326 matronarum
561 1261 768 1343 meminerit,
800 1281 820 1325 a
847 1259 1022 1326 veteribus
1050 1260 1163 1348 poetis
1189 1283 1272 1327 una-

146 1368 240 1433 nimo
260 1388 429 1436 consensu
449 1366 697 1435 vellicatarum.
729 1366 819 1435 Illud
839 1371 976 1454 egomet
996 1366 1146 1433 libenter
1164 1368 1272 1454 conji-

147 1475 235 1540 ciam
256 1496 273 1539 e
294 1459 532 1540 versibus'ubi
560 1475 615 1540 vel
643 1473 787 1540 Amatae
813 1473 1004 1540 domestica
1031 1479 1066 1539 et
1088 1475 1272 1564 popularis

147 1582 331 1649 auctoritas
351 1581 581 1647 describitur*
596 1621 639 1630 -
653 1581 709 1647 vel
729 1581 871 1648 Latinus
889 1602 992 1647 senex
1009 1580 1053 1647 ab
1068 1581 1131 1646 illa
1149 1582 1271 1670 objur-

145 1694 246 1775 gatus
268 1690 376 1755 tacet⁵
396 1710 459 1754 nec
487 1688 697 1774 redarguere
723 1689 846 1754 iratam
872 1687 996 1770 audet,
1018 1727 1061 1736 -
1084 1688 1141 1753 vel
1163 1712 1270 1778 prae-

147 1797 264 1864 sertim
294 1797 423 1882 regina‚
450 1819 574 1886 parum
603 1797 775 1862 reverenti
803 1800 905 1885 atque
931 1796 1034 1861 etiam
1055 1795 1271 1864 subridicule

147 1903 414 1993 comparatione,
445 1925 523 1968 eum
552 1903 611 1969 illo
640 1902 777 1968 turbine
803 1907 1022 1992 comparatur
1045 1925 1149 1991 quem
1170 1905 1271 1994 pueri

146 2012 300 2101 repetitis
321 2010 432 2099 plagis
452 2031 590 2076 versare
610 2010 796 2096 gaudeam.
938 2079 943 2090 ,

191 2117 311 2183 Nonne
330 2117 410 2183 inde
434 2117 472 2182 fit
490 2122 527 2183 ut
546 2117 671 2184 Amata
693 2117 794 2183 nobis
820 2118 855 2182 in
875 2122 1025 2183 mentem
1049 2124 1192 2184 revocet
1216 2141 1272 2184 ro·

145 2247 265 2291 manas
283 2224 360 2291 illas
382 2225 556 2307 muliereS,
576 2225 731 2290 castitate
747 2225 803 2291 vel
819 2252 835 2286 α
851 2225 930 2291 dote
952 2253 968 2286 »
985 2225 1103 2307 fretas,
1123 2226 1268 2299 feroces.

146 2331 319 2412 molestas,
340 2352 512 2418 «magnas
528 2332 715 2397 faotiones⁷
732 2359 747 2394 »
763 2333 934 2398 concitare
955 2332 1084 2415 solitas,
1110 2360 1127 2394 «
1145 2355 1270 2425 super·

146 2438 237 2504 biter
263 2439 494 2529 imperantes⁸
516 2466 531 2501 »
561 2440 722 2527 virosque
752 2438 818 2504 sibi
844 2439 1119 2505 «subservire»
1151 2447 1270 2530 postu·

146 2545 283 2612 lantes?
314 2574 329 2607 «
366 2545 629 2612 Oblatratricem
662 2575 677 2607 η
703 2546 861 2630 PlautuS‚
894 2547 977 2614 Cato
1009 2547 1268 2615 «indomitum

147 2653 294 2719 animal⁹
316 2654 509 2720 »Amatam
524 2655 604 2740 jure
625 2653 846 2743 appellasset.

191 2760 275 2826 Cum
304 2765 417 2826 autem
439 2760 599 2850 precibus
619 2760 705 2825 nihil
725 2760 844 2849 profici
870 2760 963 2826 videt
983 2801 1026 2808 —
1048 2761 1166 2850 (videt,
1190 2785 1268 2830 nam

145 2865 232 2932 nihil
267 2866 454 2956 respondet
492 2867 765 2956 sapientissimus
804 2869 959 2945 maritus,
1001 2867 1061 2934 sed
1100 2869 1192 2934 intra
1233 2893 1267 2939 se

177 3252 200 3301 2.
220 3253 282 3300 Aen.
299 3250 352 3309 Xll,
377 3249 458 3300 56-57.
480 3269 491 3294 a
515 3251 562 3298 Per
586 3250 605 3298 si
627 3251 683 3312 quis
704 3250 804 3298 Amatae
828 3249 915 3312 Tangit
936 3249 1013 3298 honos
1028 3251 1144 3300 animum.
1168 3252 1269 3309 »Quod

147 3323 245 3385 quidem
263 3323 364 3370 Servius
379 3335 463 3384 parum
479 3326 546 3369 certo
565 3321 677 3369 enucleat
693 3336 698 3370 :
714 3341 725 3364 α
742 3323 791 3368 Per
804 3322 827 3369 sl
847 3321 914 3385 quir,
939 3326 1008 3371 etc...
1025 3321 1050 3370 Si
1069 3323 1128 3384 quia
1143 3327 1167 3372 te
1184 3326 1270 3389 regina

148 3398 230 3457 rogat,
258 3398 323 3442 inam
352 3397 487 3440 commovet
516 3396 629 3442 mentem.
659 3392 701 3440 Sic
729 3393 753 3439 in
775 3393 878 3454 septimo
903 3392 1026 3451 <tot>
1052 3408 1057 3441 :
1089 3393 1114 3442 Si
1143 3410 1193 3457 qua
1223 3396 1270 3458 piis

147 3465 234 3514 animis
256 3468 337 3513 manet
357 3463 462 3511 infelicis
477 3463 577 3511 Amatae
602 3463 694 3514 Gratia.
719 3481 731 3506 »
756 3482 768 3507 ι(
789 3464 917 3512 Honorem
943 3482 955 3506 »
979 3463 1040 3511 nibil
1063 3465 1130 3513 aliud
1152 3481 1223 3523 esse.
1246 3468 1270 3515 in

148 3535 194 3584 hoc
208 3536 270 3595 loco,
286 3549 356 3598 quam
371 3532 462 3599 χάριτα
479 3533 612 3582 Conruorcu
625 3535 816 3596 interpretatur3
833 3548 911 3596 neque
925 3534 996 3592 bene,
1014 3539 1038 3582 ut
1057 3536 1155 3597 opinor.
1178 3537 1270 3602 Dipai-

148 3607 190 3654 lau
201 3603 459 3669 (Wertlraclu'ttzuap,
478 3605 582 3666 Karrea)
597 3605 637 3653 hic
651 3605 812 3667 significatur.
825 3604 861 3652 cl.
877 3604 926 3662 Vll,
942 3605 1005 3655 581:
1022 3608 1203 3669 «nequeenim
1218 3609 1271 3657 leve

147 3691 239 3726 nomen
253 3678 361 3726 Amatae.
381 3695 393 3719 »
417 3703 447 3712 —
466 3677 566 3724 Amatae
582 3675 717 3737 imperandi
735 3675 893 3738 cupiditatem
908 3675 990 3724 inesse
1005 3678 1130 3739 praeclare
1151 3679 1272 3728 intellexit

148 3748 360 3807 censueramus,
386 3745 465 3796 thie
483 3746 519 3795 du
541 3746 749 3803 Claristiuairme,
776 3746 806 3806 ll,
827 3745 910 3808 11,10‚
929 3747 970 3809 qui
990 3749 1271 3812 cumAgrippinaeam

148 3824 281 3882 comparat.

177 3890 200 3941 3.
216 3892 345 3948 araturus,
363 3889 428 3952 apud
444 3889 560 3948 Borssma,
577 3890 613 3937 Lo
628 3888 747 3954 Relipion
763 3888 890 3947 romulae,
906 3893 923 3939 t.
940 3888 970 3948 ll,
987 3904 1011 3951 p.
1026 3889 1078 3939 19t.
1096 3888 1097 3893 ’

178 3963 201 4013 l.
220 3962 273 4021 Xll,
287 3960 374 4020 56-57,
389 3960 503 4020 aaa-403,
519 3960 574 4011 581.

178 4035 201 4084 5.
222 4033 273 4092 vlt,
288 4032 342 4083 373.

178 4105 201 4153 6.
220 4104 270 4166 Vll,
285 4103 330 4152 378
346 4118 399 4166 sqq.

178 4179 201 4228 7.
219 4177 335 4238 l’leruque
349 4175 417 4223 istae
432 4174 653 4230 placitatoria,
668 4172 823 4231 Aulularia,
836 4172 920 4223 Milite
935 4174 1062 4237 pluriora,
1074 4176 1139 4238 apud
1155 4176 1273 4241 Basorsr,

147 4250 186 4299 De
199 4248 318 4311 prerrouis
333 4245 501 4295 rnulirbribus
515 4246 589 4309 optut
602 4244 737 4302 Plautum,
757 4261 781 4306 p.
793 4245 845 4293 2-6.
1125 4233 1128 4246 ¹

178 4320 201 4371 8.
222 4321 349 4376 datuurus,
364 4318 410 4366 285
425 4318 545 4380 (ittonam,
559 4317 663 4381 Frapm.
674 4331 737 4366 com.
755 4316 919 4382 latinorum).

178 4392 202 4443 ll.
220 4389 291 4458 Apud
307 4389 368 4452 Lrv.¹
385 4387 496 4454 xxxiv,
512 4404 536 4441 11.
