2844 4928
510 323 608 370 unrur
633 325 782 370 rnnrruu.
1171 301 1215 369 39

88 497 187 564 ribus
227 502 261 564 et
297 499 471 566 aerumnis
507 523 527 566 a
563 505 667 589 poeta
703 497 924 566 concedatur.
959 497 1068 564 lmmo
1110 499 1214 564 etiam

88 606 288 694 vituperare
308 603 515 692 Vergilium,
543 607 636 696 quod
655 608 757 673 nimis
777 607 906 672 multus
925 607 959 671 in
977 627 1018 672 eo
1034 604 1214 672 tractando

89 725 235 804 ἐπεισοδίῳ
254 712 370 797 fuerit,
381 715 538 781 nonnulli
554 715 637 781 olim
654 737 723 781 non
739 713 954 797 dubitavere,
969 736 1038 803 quo
1058 718 1214 804 tempore

91 821 186 912 apud
205 822 255 887 rei
270 821 461 888 ‘litterariae
481 824 731 888 existimatores
751 822 826 887 laus
841 826 941 910 aptae
957 821 1216 910 compositionis

89 929 201 1018 pluris
221 950 326 1018 quam
345 934 460 995 cetera
474 929 614 996 fiebat¹.
1113 939 1116 944 ’

135 1036 322 1103 Enimvero
343 1037 371 1102 si
392 1038 469 1126 quis
489 1037 691 1126 expenderit
710 1059 779 1127 qua
797 1038 929 1103 ratione
948 1035 1116 1106 febriente
1135 1059 1216 1103 eon-

92 1148 159 1209 stet
177 1145 282 1210 totius
304 1145 393 1234 epici
416 1146 526 1240 nostri
553 1146 722 1235 poematis
749 1165 952 1234 compages,
974 1145 1002 1212 is
1021 1145 1216 1211 necessario

91 1250 257 1316 fatebitur
270 1273 340 1317 non
357 1257 492 1318 tantum
506 1251 672 1341 prodesse
691 1251 780 1317 hane
798 1253 1030 1318 narrationem
1050 1257 1218 1340 quantum

32 1430 39 1439 .
91 1358 244 1448 pateat².

136 1465 324 1533 Prodesset
343 1467 485 1556 quidem
503 1468 565 1534 illa
581 1469 705 1554 magis,
728 1468 755 1535 si
776 1468 886 1553 magis
903 1468 1055 1554 graviter
1079 1466 1217 1533 obstare

93 1573 395 1660 Carthaginienses
405 1574 599 1657 illecebras,
613 1577 798 1664 quominus
813 1575 883 1641 fata
897 1575 1034 1641 Aeneae
1052 1574 1219 1664 implean-

92 1686 161 1764 tur,
189 1681 403 1748 manifestior
428 1682 528 1748 nobis
557 1682 643 1751 fides
663 1683 782 1765 fieret;
804 1704 992 1773 -nempe
1013 1683 1041 1748 si
1061 1681 1129 1747 dux
1147 1686 1219 1748 tro-

17 1796 21 1801 '
91 1788 197 1875 janus
217 1788 343 1856 Didoni
362 1791 477 1878 ipsum
502 1792 631 1856 amanti
660 1798 763 1879 atque
791 1790 884 1856 ultro
913 1790 1092 1880 quaerenti
1122 1790 1219 1855 initio
1305 1843 1307 1847 .

92 1896 295 1979 reluctatus,
313 1895 455 1962 tandem
474 1898 551 1986 pari
571 1919 687 1963 amore
709 1899 816 1964 victus
844 1902 877 1963 et
895 1899 970 1986 ipse
994 1895 1216 1979 concederet;

93 2025 230 2069 neenon
250 2009 284 2069 et
312 2004 341 2070 si
371 2004 503 2089 majore
537 2004 688 2070 Deorum
714 2007 793 2071 nisu
813 2027 852 2072 ac
871 2005 1036 2070 violentia
1055 2003 1218 2093 deinceps

95 2132 183 2200 opus
204 2116 306 2194 esset,
320 2116 359 2177 ut
378 2111 481 2196 officii
502 2113 702 2202 gloriaeque
724 2135 805 2179 suae
826 2113 953 2179 oblitus
972 2112 1074 2180 beros
1094 2110 1220 2177 Didoni

95 2216 371 2284 subtraheretur.
392 2218 478 2284 Tum
499 2220 591 2285 enim
612 2219 686 2309 (sed
705 2225 779 2285 tum
799 2219 952 2309 demum)
973 2241 1094 2285 verum
1114 2217 1219 2284 fuisse

93 2324 288 2414 periculum
316 2324 486 2391 Didonem
520 2326 663 2392 credere
694 2328 884 2416 possimus,
921 2348 1034 2416 neque
1066 2331 1219 2392 contem-

93 2431 248 2498 nendum
267 2433 404 2498 Aeneae
424 2433 623 2523 Romaeque
641 2434 718 2500 fatis
737 2433 1037 2524 impedimentum,
1061 2434 1089 2498 si
1107 2431 1220 2498 vivide

94 2539 188 2606 illius
220 2541 347 2623 amori,
381 2563 579 2630 quanquam
611 2542 646 2607 in
676 2547 793 2631 partas
823 2541 977 2611 diversas
1016 2540 1217 2623 distractuS,

96 2646 325 2737 responderet
345 2648 492 2715 Aeneas,

140 2752 340 2821 Istiusmodi
359 2777 442 2820 vero
462 2757 658 2822 certaminis
678 2756 812 2822 nullum
832 2778 973 2846 prorsus
991 2756 1145 2845 reperire
1165 2761 1219 2821 est

94 2862 131 2926 in
157 2859 294 2927 Aeneae
315 2860 414 2927 dietis
434 2867 493 2928 aut
513 2865 619 2948 gestis
638 2863 817 2945 indicium,
838 2886 951 2953 neque
977 2868 1059 2929 tunc
1079 2884 1157 2929 cum
1177 2863 1220 2928 ab

95 2973 233 3034 amante
261 2968 395 3035 Didone
428 2970 593 3052 irretitur,
631 2993 742 3060 neque
771 2976 892 3060 postea
910 2969 1049 3059 quando
1069 2970 1222 3060 proficis-

95 3097 177 3143 eens
196 3074 346 3142 Deorum
366 3082 466 3166 paret
483 3079 650 3167 imperiis.
673 3077 826 3167 Utraque
845 3078 880 3142 in
896 3079 1073 3143 occasione
1088 3077 1221 3143 lentum

44 3219 47 3223 ⁴
96 3206 134 3254 se
156 3183 302 3273 praebet
328 3189 361 3250 et
379 3186 537 3267 inertem,
566 3190 599 3250 et
620 3185 714 3250 velut
736 3186 786 3250 sui
807 3186 1035 3268 incuriosum,
1058 3186 1157 3274 quasi
1178 3185 1220 3251 de

96 3313 134 3361 se
172 3312 240 3357 non
270 3296 402 3377 agatur.
435 3291 546 3373 Quem
571 3292 710 3381 quidem
735 3292 942 3378 Carthagine
966 3293 1133 3359 mansisse
1157 3315 1221 3358 nee

96 3398 206 3490 pudet
237 3399 294 3465 vel
331 3400 494 3488 paenitet,
534 3423 598 3466 nec
631 3400 779 3466 multum
807 3401 905 3490 piget
933 3400 1040 3466 abire.
1076 3399 1119 3467 Se
1152 3423 1221 3466 non

98 3507 212 3573 minus
232 3529 343 3596 aequo
363 3508 477 3573 animo
498 3530 518 3573 a
536 3506 669 3573 Didone
690 3509 810 3591 amari,
829 3508 934 3573 aDiis
950 3529 1066 3574 amore
1077 3506 1221 3574 Didonis
1316 3504 1319 3511 ’

97 3615 209 3680 vetari
232 3616 372 3704 patitur.
1192 3699 1194 3706 Ι

146 3719 221 3801 Quo
240 3722 280 3787 fit
298 3727 346 3805 ut,
365 3723 659 3812 quemadmodum
678 3724 713 3788 in
732 3723 870 3790 Aeneae
890 3724 960 3788 vita
977 3723 1036 3789 ille
1052 3745 1149 3790 amor
1167 3744 1223 3790 res

47 3839 50 3845 ’
100 3829 273 3896 subsiciva
292 3835 326 3896 et
343 3831 452 3896 veluti
475 3830 588 3897 obiter
615 3830 817 3921 decerptum
837 3830 1128 3897 oblectamentum
1148 3853 1223 3898 esse

132 4034 156 4084 1.
171 4035 289 4084 Nimirum
315 4041 340 4083 ut
363 4035 462 4098 Vergilii
488 4037 583 4098 copiam
598 4040 752 4095 excusarent,
770 4035 938 4083 demonstrare
961 4035 1072 4083 nonnulli
1096 4035 1225 4083 voluerunt

101 4111 214 4169 quartum
235 4107 324 4155 librom
343 4107 460 4168 poematis
480 4121 535 4155 esse
556 4108 655 4158 nodum.
681 4105 718 4156 Cf.
736 4105 800 4168 apud
817 4104 924 4166 Caraou,
946 4104 1051 4167 Virgile,
1074 4109 1091 4153 t.
1112 4105 1152 4164 lV,
1169 4105 1223 4153 121.

101 4176 307 4240 (Commentarius
321 4177 377 4238 iste,
393 4178 450 4226 licet
468 4179 600 4240 aliqnando
615 4179 690 4226 risum
707 4180 811 4234 moveat,
827 4177 973 4225 laudandam
994 4181 1073 4225 tamen
1093 4182 1164 4239 atque
1182 4178 1224 4224 in·

100 4248 198 4297 tardum
213 4249 284 4296 etiam
296 4254 407 4311 argutam
423 4249 572 4310 diligentiam
587 4249 706 4310 exhibet.)

133 4320 156 4368 2.
173 4339 185 4364 «
201 4321 237 4368 La
253 4323 322 4368 mort
338 4320 370 4368 de
384 4319 470 4368 Didon
485 4323 524 4369 eat
538 4320 628 4368 sterile
639 4335 709 4383 pour
729 4317 753 4367 le
768 4322 834 4367 reste
849 4318 886 4367 de
897 4320 996 4382 poema
1015 4339 1026 4363 n
1044 4319 1147 4381 Cimon,
1168 4319 1226 4368 Vir-

102 4390 164 4456 qile,
181 4396 203 4440 t..
217 4391 258 4452 lV,
274 4407 298 4454 p.
317 4391 360 4440 121
377 4406 429 4454 sqq.
