2844 4928
168 305 210 371 80
621 326 698 372 rans
722 327 827 372 Paron.

166 504 303 585 tricem,
342 502 439 567 illam
475 501 677 586 ingenuam,
717 520 921 585 generosam
961 502 1293 595 magnanimumque

166 610 347 692 Didonem,
368 608 494 695 frigide
515 630 631 675 secum
651 607 856 688 deliberare,
878 594 1009 693 utrum,
1031 610 1157 692 deone,
1180 616 1294 678 exter-

165 740 249 784 num
268 718 440 806 hospitem
460 739 560 783 suum
579 716 734 782 comitari
754 716 889 798 debeat,
912 717 966 782 vel
985 718 1088 783 etiam
1107 740 1232 788 servae
1253 741 1293 786 ao

165 825 298 914 pellicis
327 825 416 891 ritu!
446 825 567 914 Apage
604 823 703 888 istius
727 823 821 889 modi
852 825 1240 914 interpretationeml...
1274 854 1290 888 »

165 932 268 999 Istius
282 931 376 998 modi
386 936 502 998 tamen
514 932 751 1020 interpretatio
770 935 865 997 extra
879 931 1022 998 dubium
1037 934 1189 1023 ponitur,
1203 958 1293 1025 quo-

164 1039 255 1105 niam
277 1061 345 1105 non
366 1038 476 1105 solum
500 1037 616 1126 aliqua
645 1036 753 1103 verba
780 1037 822 1103 de
850 1037 917 1104 hoo
940 1038 1053 1105 obiter
1072 1038 1189 1126 jacere
1210 1063 1291 1109 eam

164 1144 340 1231 Vergilius
358 1145 451 1225 feeit,
479 1143 540 1210 sed
570 1143 659 1208 serio
688 1144 762 1208 sese
790 1144 902 1232 ipsam
930 1144 1143 1232 interrogare
1169 1150 1292 1215 utrum

164 1253 235 1320 solu
267 1252 420 1319 Aeneam
449 1255 609 1320 secutura
637 1250 695 1332 sit,
727 1273 771 1316 an
799 1256 906 1316 totam
934 1252 1115 1340 Tyriorum
1144 1276 1291 1345 suoru-m

164 1367 302 1449 gentem
323 1382 439 1426 secum
455 1358 687 1424 obductura...
704 1357 926 1424 Obliviseitur
939 1359 1093 1447 profesto
1109 1361 1291 1448 dignitatis

165 1490 260 1551 suae,
283 1467 523 1556 desperatione
546 1493 561 1527 «
581 1464 727 1554 perdita,
752 1492 768 1526 s
789 1465 985 1531 Poenorum
1005 1468 1140 1553 regina;
1164 1492 1290 1551 verum

164 1575 338 1662 Vergilius
362 1574 458 1639 novit
480 1574 686 1660 flagitiosam
706 1573 877 1638 humanae
901 1572 1103 1658 voluntatis,
1125 1579 1290 1665 quotiens

165 1684 353 1775 cupiditate
378 1687 522 1768 urgente
547 1680 701 1762 deerrat,
728 1681 917 1766 ignaviam,
942 1689 989 1766 et,
1016 1690 1054 1751 ut
1079 1686 1127 1750 ita
1150 1684 1286 1771 dicam,

165 1792 306 1874 sordes;
339 1813 424 1879 quas
452 1788 592 1879 quidem
622 1810 700 1854 oum
729 1789 972 1879 philosophica
999 1790 1149 1881 quadam
1180 1794 1290 1862 incle-

165 1899 293 1966 mentia
315 1898 467 1967 reelusas
491 1895 731 1987 philosophiae
761 1896 933 1966 studiosus
961 1904 1064 1988 poeta
1082 1898 1287 1969 denudavit.
1383 1890 1386 1897 ¹

164 2007 208 2074 Et
227 2028 269 2073 ea
285 2007 362 2095 ipsa
380 2008 459 2070 sunt
478 2025 567 2093 quae
586 2002 779 2089 Vergilium
798 2002 942 2089 dignum
962 2005 1110 2072 efficiant
1129 2008 1189 2096 qui
1206 2030 1290 2075 oum

164 2112 324 2180 Lucretio
351 2112 566 2193 conferatur;
593 2111 634 2176 iis
659 2111 806 2176 maxime
830 2116 976 2177 testatur
998 2113 1033 2178 in
1051 2114 1136 2181 loeis
1160 2137 1292 2184 senon

164 2243 300 2288 merum
320 2218 590 2286 Alexandrinum
609 2218 726 2285 luisse.

150 2450 152 2454 v
210 2418 281 2483 Neo
314 2417 424 2504 magis
455 2415 610 2482 involuta
637 2421 696 2483 aut
728 2417 910 2483 imminuta
940 2418 1067 2484 eminet
1096 2442 1114 2485 e
1142 2418 1292 2494 Didonis

165 2525 315 2614 querelis
345 2524 407 2590 illa
435 2523 577 2588 humani
607 2524 728 2607 animi,
764 2523 903 2612 quando
938 2526 1134 2594 vehementi
1166 2528 1292 2598 dolore
1387 2554 1390 2559 ·
1421 2515 1422 2546 ³

165 2632 402 2714 conturbatur,
424 2629 592 2721 probrosa
611 2631 843 2699 imbecillitas.
866 2631 935 2699 Cur
955 2634 1045 2700 enim
1060 2632 1113 2704 bis
1132 2636 1293 2705 Aeneam

164 2739 225 2805 illa
244 2743 319 2804 orat
336 2761 380 2805 ne
400 2738 515 2804 statim
533 2736 783 2827 proficiscatur,
804 2760 987 2828 morasque
1007 2741 1182 2831 postulat?
1197 2744 1294 2813 Num
1388 2754 1392 2763 '

164 2845 368 2912 insidiatore
397 2845 568 2931 Trojanis,
589 2845 677 2913 sicut
695 2846 833 2911 Aeneae
857 2845 1047 2914 Mercurius
1073 2851 1295 2938 persuadet?

165 2953 256 3020 Num
275 2952 373 3020 dolos
393 2953 570 3034 meditata,
593 2952 681 3018 sieut
700 2959 734 3018 et
759 2954 866 3043 inepti
893 2961 1179 3023 commentatores
1206 2981 1294 3027 oen-

166 3060 333 3127 suerunt?
352 3060 492 3126 Minime
520 3082 624 3141 vero;
651 3081 731 3125 nam
757 3061 814 3125 vix
843 3062 1005 3150 perbrevi
1030 3065 1197 3153 temporis
1217 3088 1296 3134 mo·

164 3172 281 3233 mento
297 3173 330 3233 et
347 3168 383 3234 in
403 3189 504 3234 oaeeo
525 3168 754 3233 exaestuantis
773 3169 908 3235 fervore
926 3170 1011 3252 irae,
1033 3173 1197 3259 cogitatio
1217 3175 1294 3242 vim

164 3274 357 3340 intentandi
375 3273 533 3359 Trojanis
554 3274 706 3339 animum
731 3274 806 3360 ejus
831 3274 978 3366 obrepit.
1004 3279 1125 3368 Neque
1149 3285 1204 3346 est
1226 3304 1295 3349 our

166 3403 242 3448 eam
261 3381 398 3448 mentiri
418 3381 640 3467 conjiciamus

498 3576 629 3641 requiem
645 3578 831 3644 spatiumque
845 3579 954 3634 furori¹

167 3747 436 3814 tantummodoa
450 3769 486 3813 se
501 3747 595 3836 posci
611 3749 862 3835 adfirmantem,
877 3753 1008 3843 quippe
1019 3776 1107 3842 quae
1119 3754 1297 3843 paulatim

169 3985 329 4035 accompooy
343 3986 359 4019 u
373 3973 508 4036 foreipner
521 3973 576 4022 aad
590 3975 696 4037 resupce
709 3975 756 4024 she
769 3976 857 4025 knows
871 3979 918 4025 not
931 3975 1050 4035 whither,
1066 3977 1094 4026 in
1109 3977 1152 4026 the
1166 3981 1298 4047 capacity

168 4041 200 4106 of
213 4042 256 4092 the
271 4057 342 4091 serva
356 4043 410 4091 und
424 4045 519 4106 pellexi
541 4046 585 4093 Fie
602 4060 635 4093 oa
652 4044 694 4094 tue
714 4047 939 4110 interpretation!
952 4049 985 4112 fic
1001 4064 1034 4097 oa
1055 4046 1099 4098 the
1112 4050 1208 4097 reuder·
1222 4052 1296 4115 who,

168 4114 303 4178 acceptiap
317 4114 348 4173 it,
369 4113 429 4164 does
444 4119 491 4164 not
505 4115 550 4180 loy
566 4116 643 4165 down
658 4118 699 4165 the
717 4116 788 4174 took,
805 4117 893 4167 closed
906 4120 952 4182 for
967 4135 1023 4170 ever
1038 4135 1071 4169 oa
1085 4120 1153 4171 Dido
1169 4123 1227 4171 aad
1245 4123 1299 4175 her

168 4185 272 4236 ahorne!
288 4187 367 4237 But...
385 4187 451 4236 Dido
467 4187 527 4237 usls
542 4187 644 4252 herself
661 4203 694 4237 ao
715 4188 779 4239 siecle
793 4191 922 4255 question.
945 4192 995 4240 llcr
1014 4207 1070 4241 orca
1088 4207 1188 4242 oaswer
1202 4193 1298 4247 ubun-

167 4257 262 4322 duntly
276 4258 358 4308 shows
371 4259 416 4308 the
430 4260 491 4308 does
504 4264 558 4320 aot,
574 4265 620 4309 etc.
638 4279 649 4305 >s

201 4331 223 4379 1.
242 4330 282 4389 lV,
299 4330 345 4379 l133
361 4331 488 4394 :Tempus
504 4332 582 4381 inuare
597 4337 661 4395 polo.
679 4333 704 4381 Si
719 4333 820 4392 Snnvro,
837 4336 875 4383 cni
894 4339 1058 4386 qusunnarou
1073 4336 1221 4401 adsentitur,
1237 4354 1296 4393 ere.

170 4402 289 4462 dandum,
306 4403 352 4452 hoc
365 4403 441 4453 verbo
461 4422 473 4448 α
492 4403 571 4454 laone
591 4422 603 4448 s
624 4405 744 4455 Didonem
763 4407 794 4457 ad
814 4407 943 4458 humiliora
960 4409 1032 4458 etiam
1051 4422 1116 4459 nuno
1136 4409 1296 4468 descendero
