2844 4928
589 330 687 378 carus
712 334 863 381 raarruu.
1225 316 1288 380 127

213 505 301 588 Quin
323 505 426 572 etiam
446 527 488 572 ea
500 506 577 596 ipsa
591 506 690 574 nitidi
710 515 850 575 ornatus
868 509 1066 598 appetentia
1081 531 1185 576 eausa
1200 532 1292 580 mor,

162 614 207 679 tis
226 613 343 679 futura
361 617 423 679 est.
444 611 532 680 Cum
552 615 664 679 enim¹
685 615 730 681 ab
749 615 923 682 Amazone
950 617 1161 706 prospicitur
1184 617 1288 684 Chlo-

162 741 257 802 reus,
286 720 460 807 Phrygius
491 720 639 807 Cybelae
670 722 847 805 sacerdos,
878 745 981 790 aurea
1011 723 1147 790 cassida
1177 725 1288 814 capite

162 831 287 908 tectus,
309 849 431 894 crocea
449 827 632 916 chlamyde
651 829 805 914 indutus,

476 995 630 1060 peregrina
645 996 792 1062 ferrugine
807 998 905 1050 clarus
917 1002 946 1050 et
960 1002 1049 1062 ostro,

352 1073 449 1141 pictus
463 1087 518 1127 acu
534 1075 651 1128 tunicas
668 1081 698 1130 et
712 1078 836 1130 barbara
851 1077 982 1143 tegmina
996 1091 1129 1142 crurum

163 1223 249 1285 tunc
269 1219 425 1306 virginis,
449 1218 658 1287 «barbarae
681 1247 696 1281 »
718 1219 975 1312 quodammodo
995 1227 1029 1288 et
1047 1223 1169 1313 ipsius
1196 1225 1288 1291 oculi

162 1330 260 1392 tanto
279 1326 415 1415 fulgore
434 1329 598 1416 tantaque
623 1327 759 1394 luxuria
777 1330 1097 1419 praestringuntur,
1120 1354 1159 1397 ae
1178 1333 1286 1421 proti-

162 1454 229 1499 nus
252 1460 267 1494 «
288 1433 437 1499 femineo
461 1433 611 1523 praedae
636 1439 671 1500 et
694 1435 885 1525 spoliorum
911 1457 1029 1502 amore
1051 1464 1067 1498 »
1091 1436 1286 1504 inflamma-

162 1545 231 1619 tur,
258 1540 328 1606 sive
354 1545 392 1606 ut
419 1541 558 1630 templis
588 1540 727 1608 hostilia
756 1564 853 1608 arma
888 1542 1038 1631 defigat,
1070 1545 1141 1610 sive
1171 1546 1285 1634 potius
1305 1533 1312 1620 J

162 1673 179 1708 «
204 1648 340 1737 captivo
358 1674 373 1709 »
390 1652 429 1714 ut
448 1669 485 1714 se
504 1648 592 1714 ferat
610 1649 644 1714 in
661 1671 757 1731 auro,
777 1654 1041 1740 exoptatumque
1054 1650 1220 1740 praedam
1234 1653 1285 1719 in·

160 1753 274 1836 hians,
295 1758 406 1820 totum
425 1776 490 1845 per
508 1776 634 1840 agmen
652 1756 792 1821 incauta
811 1757 978 1846 sequitur.

205 1859 243 1926 ln
263 1861 328 1928 hoc
347 1861 497 1950 denique
529 1884 549 1926 a
575 1860 720 1928 Camilla
739 1862 950 1957 peculiarem
977 1864 1162 1931 mulierum
1186 1865 1284 1933 indo-

158 1967 230 2034 lem
249 1969 371 2035 referri
390 1969 499 2035 voluit
517 1967 705 2054 Vergilius,
731 1969 825 2058 quod
843 1970 954 2036 inanis
973 1970 1104 2056 gloriae
1132 1972 1282 2062 cupidis-

159 2075 258 2156 sima,
281 2075 347 2142 sibi
366 2076 511 2142 nimium
531 2074 692 2158 confidat,
708 2098 820 2165 neque
839 2077 971 2143 viribus
985 2078 1055 2144 suis
1070 2100 1134 2145 nec
1145 2079 1283 2147 fortuna

156 2166 341 2249 indubitet.
365 2180 501 2272 Quippe
521 2203 610 2272 quae
632 2209 648 2245 u
668 2181 805 2271 primo⁹
827 2211 844 2245 »
861 2184 1006 2274 cupiat:

627 2353 743 2402 tentare
759 2350 979 2416 permutarem,

360 2430 482 2495 solaque
496 2429 660 2496 Tqrrhenos
676 2431 791 2494 equites
807 2432 850 2484 ire
861 2432 948 2484 obvia
962 2433 1093 2485 contra³.

202 2575 318 2641 Turno
339 2597 476 2665 quoque
495 2573 562 2665 ipsi
581 2596 660 2641 eum
684 2575 836 2665 superba
861 2577 1086 2667 praecisaque
1109 2578 1278 2647 brevitate

154 2681 326 2772 imperat*
345 2686 384 2747 ut
403 2707 419 2743 «
441 2681 548 2772 pedes
568 2681 612 2748 ad
631 2704 748 2748 muros
769 2683 934 2752 subsistat
954 2710 970 2745 »
993 2690 1027 2750 et

591 2849 708 2903 moenia
723 2855 829 2903 servet,

199 2993 457 3082 Tyrrhenorum
476 2994 582 3080 igitur
601 2999 740 3060 strenuo
756 2994 836 3060 duci
856 2995 1025 3062 secundas
1041 2997 1139 3086 quasi
1158 3003 1274 3087 partes

150 3101 410 3190 ingloriumque
438 3099 594 3167 laborem
622 3098 759 3183 indicit,
789 3101 855 3167 sibi
891 3124 974 3168 vero
1005 3103 1072 3193 ipsi
1100 3103 1273 3170 difficilius

150 3229 239 3297 opus
268 3207 543 3296 mobilioremque
572 3207 784 3296 provinciam
812 3207 976 3276 vindicat.
1007 3210 1079 3276 Nec
1108 3211 1179 3278 sine
1201 3234 1273 3278 cor·

148 3315 303 3381 rectione
336 3314 486 3405 quadam
516 3313 631 3381 Turno
664 3314 880 3404 approbatur
913 3315 974 3382 illa
1006 3317 1110 3407 paulo
1139 3319 1272 3406 jactan-

148 3423 218 3488 tior
237 3421 421 3506 audacia⁵3
443 3443 523 3488 nam
539 3423 697 3512 quamvis

429 3588 529 3642 oeulos
543 3589 691 3642 horrenda
705 3590 737 3642 in
750 3589 864 3654 virgine
878 3591 967 3654 fixus,

146 3758 233 3826 fibula
247 3760 299 3808 sive
314 3773 359 3808 acu
370 3760 455 3808 crinali
470 3759 621 3819 feminarum,
638 3761 835 3819 adelberamum
852 3760 941 3810 Heliae
955 3776 981 3810 u.
998 3763 1082 3818 Rom„
1097 3762 1115 3822 l,
1137 3763 1158 3823 l,
1173 3777 1197 3824 p.
1213 3762 1267 3814 325.

146 3832 227 3880 Aliter
240 3836 320 3879 tameo
335 3831 453 3879 censebat
466 3830 577 3879 Douurus
592 3832 665 3894 (apud
679 3833 788 3894 Rauorsr)
800 3847 806 3881 :
818 3852 830 3877 «
844 3833 933 3881 Donat
942 3847 1082 3896 remarque
1097 3848 1146 3898 que
1161 3833 1220 3882 c’cst
1233 3849 1268 3882 ua

145 3903 280 3950 ornament
295 3902 366 3959 viril,
382 3905 409 3950 et
420 3916 472 3950 non
485 3916 521 3949 un
536 3901 607 3967 objet
627 3904 659 3951 de
677 3901 704 3951 la
724 3902 825 3951 toilette
839 3903 963 3964 feminiae
981 3904 1027 3967 qui
1041 3905 1138 3953 retient
1157 3904 1194 3952 lea
1208 3905 1269 3954 che-

144 3987 214 4023 veux
228 3971 260 4022 de
275 3971 303 4022 la
313 3973 396 4037 jaune
411 3973 553 4036 querriire.
572 3992 583 4017 υ
600 3974 636 4023 Cl.
655 3975 718 4033 mv„
734 3973 848 4034 XXXIX,
862 3989 928 4035 xxm,
944 3975 1010 4037 apud
1025 3975 1173 4026 Foacauauu.

177 4045 201 4095 1.
219 4045 283 4095 Aen.
299 4044 342 4105 Xl,
357 4043 472 4095 768-784.

177 4116 201 4166 2.
217 4115 280 4166 Aea.
296 4115 341 4175 XI,
354 4116 409 4165 505.

176 4186 202 4238 3.
219 4187 283 4238 Aen.
299 4186 342 4247 Xl,
355 4186 410 4237 504.

176 4258 200 4308 l.
218 4259 284 4310 Aen.
299 4259 343 4319 Xl,
356 4259 410 4310 506.
1006 4314 1007 4317 ,

176 4331 199 4379 5.
220 4331 290 4379 Haud
314 4331 445 4380 dissimilia
461 4335 518 4380 suut
541 4332 604 4394 apud
627 4331 736 4391 Qmuruu
753 4331 921 4380 Penthesileae
940 4332 1048 4394 superba
1064 4333 1148 4394 verba,
1169 4333 1267 4381 Priamo
1313 4331 1324 4348 ‘

144 4401 264 4452 audacter
278 4402 417 4465 pollicentis
432 4403 546 4454 facillime
560 4404 613 4453 fore
627 4407 652 4452 ut
666 4417 681 4451 a
695 4417 722 4451 se
735 4403 808 4466 Troja
823 4407 944 4451 servatur,
