2844 4928
127 315 170 382 60
199 400 200 405 ¹
578 330 655 381 aues
678 331 782 427 ealce.

170 513 247 579 Non
265 512 371 597 igitur
393 510 438 577 ab
457 512 568 594 Anna,
590 511 711 592 fateor,
734 509 779 576 ad
803 531 955 578 amorem
981 498 1114 601 impelli
1141 511 1246 579 Dido-

124 641 204 687 nem
222 618 397 704 Vergilius
416 618 517 701 facit;
539 657 583 668 -
602 640 751 708 namque
774 618 834 685 illa
853 620 949 709 prius
974 625 1007 686 et
1031 619 1188 702 amabat,
1213 624 1247 687 et

29 719 40 731 ’
124 748 233 816 usque
252 748 367 791 amare
386 752 401 786 ι(
422 725 527 792 fixum
550 754 566 787 »
588 726 619 791 ei
639 726 921 815 «immotumque
945 753 960 789 »
978 728 1091 793 animo
1113 754 1130 789 α
1148 727 1248 796 sede-

121 832 201 915 bat;
226 859 241 896 n
268 871 312 881 -
334 855 454 898 verum
475 832 519 898 ab
537 833 637 899 Anna
656 832 755 918 fingit
780 834 890 899 arceri
910 838 943 899 et
962 835 1061 922 quasi
1082 833 1184 900 evelli
1205 857 1248 900 ea

123 932 196 1007 sola
215 962 303 1030 quae
324 940 466 1006 Didonis
482 941 591 1006 amori
609 941 761 1026 graviter
781 940 932 1007 officiant
951 947 985 1007 et
1001 940 1244 1008 adversentur.

122 1048 176 1113 Ab
214 1047 335 1114 eadem
372 1069 510 1136 quoque
547 1047 648 1113 Anna
684 1068 741 1112 eas
774 1046 873 1134 fingit
900 1047 1080 1136 praetendi
1107 1069 1243 1132 causaS,

122 1155 248 1244 quibus
267 1154 417 1244 impulsa
436 1152 524 1219 Dido
543 1176 611 1219 non
632 1148 743 1221 solum
761 1155 866 1222 licere
886 1154 952 1220 sibi
965 1160 1062 1244 putet
1075 1177 1244 1229 amorem,

39 1255 41 1258 ’
122 1261 184 1331 sed
207 1266 241 1328 et
258 1261 422 1352 imperari
445 1283 452 1330 :
474 1263 644 1328 nascentis
664 1260 741 1327 dico
760 1263 858 1347 regni
876 1262 1069 1328 utilitatem.
1095 1260 1193 1328 Sicut
1213 1269 1249 1328 et

118 1370 165 1436 ait
183 1370 257 1458 ipse
278 1368 393 1435 verbis
407 1367 451 1435 ad
465 1369 643 1434 veritatem
656 1369 757 1457 plane
773 1369 1040 1434 accommodatis
1052 1367 1244 1455 Vergilius,

118 1477 219 1542 Anna
239 1476 447 1544 «iucensam
467 1476 620 1541 animum
640 1475 867 1565 inflammavit
889 1498 927 1560 »3
949 1477 1050 1542 Anna
1067 1503 1083 1537 α
1101 1475 1248 1542 resolvit

119 1582 262 1672 pudoris
280 1582 376 1669 jura;
397 1609 412 1643 o
433 1583 532 1649 Anna
555 1609 570 1642 «
593 1582 694 1649 solvit
712 1579 864 1650 Deorum
883 1588 1013 1649 metum
1031 1574 1047 1645 >i
1065 1605 1134 1673 quo
1154 1582 1248 1649 inhi-

119 1690 193 1756 bita
211 1688 299 1775 Dido
320 1689 557 1771 cunctabatur,
578 1690 626 1755 ita
645 1712 688 1755 ne
712 1689 840 1776 injuria
862 1689 1025 1781 deinceps
1050 1691 1248 1758 exclamare

119 1795 291 1863 Didonem
310 1803 413 1887 poeta
432 1797 551 1863 fecerit
573 1819 580 1866 :

307 2039 347 2088 Te
362 2037 494 2090 lacrimis
508 2037 602 2090 evicta
615 2037 700 2102 meis,
715 2045 743 2087 tu
759 2038 855 2103 prima
869 2039 1016 2091 furentem

308 2110 371 2169 His,
388 2122 538 2176 germana,
554 2109 634 2160 matis
646 2124 743 2160 oneras
757 2118 835 2175 atque
849 2110 944 2176 objicis
958 2110 1027 2160 hosti
1035 2111 1054 2161 ¹.

55 2363 58 2371 ·
133 2312 135 2322 ¹
167 2325 249 2392 Tale
277 2329 392 2391 autem
418 2325 504 2392 nihil
532 2324 627 2414 apud
652 2326 784 2415 priores
812 2330 932 2416 poetas
960 2347 1046 2416 quos
1067 2325 1247 2412 Vergilius

123 2437 259 2500 secutus
280 2438 332 2498 est
351 2432 515 2523 reperias
537 2433 656 2522 Neque
676 2434 767 2499 enim
788 2432 983 2499 homericae
1001 2432 1106 2515 Deae,
1127 2455 1245 2524 neque

122 2540 324 2607 Theocritea
356 2539 542 2623 Simaetha,
568 2563 681 2629 neque
716 2540 906 2607 Catulliana
933 2540 1097 2623 Ariadna,
1128 2564 1246 2632 neque

123 2647 226 2713 etiam
246 2645 339 2737 apud
357 2645 559 2736 Euripidem
578 2646 749 2730 Phaedra,
772 2646 817 2713 ab
841 2647 908 2713 alio
933 2648 1097 2737 quopiam
1115 2648 1247 2738 impel-

122 2753 246 2820 lendae
265 2759 344 2823 sunt
363 2758 400 2819 ut
427 2753 493 2820 sibi
516 2754 583 2843 ipsi
603 2775 735 2820 morem
754 2776 875 2840 gerere
900 2755 1018 2821 velint.

167 2860 288 2950 Neque
318 2860 360 2926 de
387 2861 462 2950 ipsa
490 2861 722 2950 Apolloniana
743 2860 866 2931 Medea
888 2862 988 2927 aliter
1007 2861 1082 2928 fieri
1102 2885 1247 2954 compe-

122 2967 241 3050 rimus,
264 2968 401 3034 tametsi
417 2968 447 3034 ei
468 2967 651 3057 Chalciope
668 2990 766 3035 soror
783 2967 892 3034 adest.
907 2968 1000 3034 Nihil
1014 2970 1105 3034 euim
1122 2992 1247 3039 revera

124 3073 309 3165 Chalciope
338 3074 490 3142 confert²
519 3080 556 3142 ut
582 3097 679 3142 soror
704 3075 867 3142 Jasonem
890 3082 982 3142 amet
1009 3083 1042 3142 et
1067 3083 1246 3166 sequatur.

124 3181 225 3251 Nullo
253 3181 373 3250 Medea
399 3183 552 3262 consilio,
581 3184 646 3249 nisi
670 3205 744 3266 suo,
770 3184 895 3265 utitur;
923 3183 989 3249 sibi
1017 3183 1080 3251 soli
1110 3183 1248 3250 obtem-

124 3293 233 3381 perat.
262 3287 327 3355 Ubi
347 3311 430 3376 ergo
451 3291 504 3356 sui
523 3291 558 3355 in
581 3289 744 3356 Jasonem
764 3291 891 3356 amoris
911 3291 1047 3356 conscia
1066 3291 1156 3357 facta
1180 3297 1245 3374 est,

125 3418 241 3463 secum
260 3397 337 3487 ipsa
354 3403 502 3487 reputat,
525 3419 700 3486 nunquam
726 3397 801 3463 fieri
826 3420 928 3488 posse
953 3403 991 3463 ut
1013 3398 1120 3464 telum
1142 3399 1244 3483 illud,

125 3527 195 3593 quo
214 3504 430 3571 vulneratam
450 3526 485 3573 se
507 3505 620 3587 sentit,
643 3526 718 3570 eam
738 3505 922 3594 relinquat,
947 3505 1010 3572 etsi
1035 3505 1152 3572 Jasoni
1176 3528 1249 3573 non

125 3612 310 3700 patefaciet
340 3634 409 3701 qua
435 3612 472 3678 in
500 3634 579 3678 eum
613 3611 774 3703 cupidine
801 3612 994 3698 deflag1²et3
1028 3611 1110 3701 quid
1139 3613 1250 3698 igitur

126 3718 287 3785 resistere
307 3741 346 3785 ac
375 3719 475 3786 silere
495 3720 657 3809 prosimu
672 3720 720 3786 Ea
747 3720 900 3809 profecto
923 3720 1046 3788 Medea
1069 3725 1131 3802 est,
1155 3741 1248 3809 quae

159 4019 181 4068 1.
200 4021 236 4071 Ct.
255 4020 345 4078 Hares,
360 4017 483 4080 Aeneida,
498 4018 526 4080 ll,
546 4036 570 4084 p.
586 4020 640 4070 590.
657 4048 687 4057 -
701 4018 817 4081 Rotam,
833 4036 898 4072 aeae
912 4023 1043 4088 Beitrclye,
1057 4039 1081 4087 p.
1093 4023 1146 4085 171,
1162 4026 1250 4077 verbis

128 4091 183 4139 islis
205 4092 308 4141 subesse
328 4092 433 4154 aliquam
455 4093 574 4141 adversus
596 4095 690 4141 Annam
716 4093 908 4142 criminationem
930 4110 978 4143 non
1001 4100 1077 4158 putat.
1104 4095 1156 4159 Ego
1175 4111 1250 4147 secus

128 4163 233 4225 opinor;
250 4168 273 4213 et
294 4164 329 4212 sic
353 4163 466 4212 Ovidium
490 4164 641 4213 intellexisse
663 4164 743 4227 video,
758 4165 830 4224 Her„
844 4165 895 4225 Vll,
913 4166 956 4215 191
974 4182 979 4214 :
997 4167 1073 4216 Soror
1091 4168 1161 4216 Anna
1180 4183 1250 4222 meae

27 4274 35 4287 ,
59 4284 66 4297 ,
129 4233 418 4298 muieconscieculpee.

160 4306 184 4355 2.
202 4305 239 4357 cl.
255 4307 355 4366 Aeone,
370 4309 476 4371 Arpoa„
489 4307 527 4365 ΙΙΙ,
544 4306 656 4357 609-743.

1 4443 2 4447 Ἰ
160 4377 184 4430 3.
201 4377 280 4438 lota,
296 4376 335 4441 111,
347 4379 401 4439 770,
415 4380 469 4442 784,
480 4379 534 4428 785.
