2844 4928
479 935 635 1029 PARS
684 933 877 1028 PRIOR

112 1217 152 1272 Ile
175 1214 406 1271 muliebrium
424 1213 594 1271 Aeneidis
613 1226 814 1282 personarum,
830 1212 861 1267 in
880 1211 988 1282 quibus
1012 1210 1234 1282 ellingendis

268 1306 394 1360 multum
408 1302 473 1360 sine
486 1300 575 1360 dnbio
590 1304 711 1373 adjutus
724 1302 782 1357 luit
795 1302 951 1372 Vergilius,
968 1301 1077 1357 indole.

220 1393 293 1462 Quid
317 1399 348 1450 et
374 1398 519 1463 quantum
542 1393 661 1450 aliunde
684 1392 803 1448 traditis
827 1393 862 1448 de
888 1406 941 1448 sno
969 1391 1124 1447 addiderit.

501 1869 645 1937 CAPUT
670 1869 846 1939 PRIMUM

114 2086 206 2169 Quon
219 2108 258 2153 ns
273 2088 494 2153 Andronicus
508 2109 546 2152 rr
558 2085 682 2153 Dmorr
702 2107 798 2154 omnm
818 2108 1012 2154 sirmondum
1029 2109 1087 2154 vm
1106 2108 1235 2156 rosrlol

367 2215 424 2260 vnn
444 2215 607 2261 msromos
625 2215 713 2260 roms
732 2214 871 2261 rnlnsro
890 2216 977 2277 smr,

233 2323 462 2380 oureusoonoun
481 2322 565 2369 usum
583 2322 655 2368 rsss
678 2299 852 2368 Veranium
871 2323 1047 2370 vnmsmms
1068 2324 1114 2369 sir

157 2804 225 2872 Eas
254 2806 371 2870 autem
398 2821 565 2892 personas
594 2802 630 2866 in
663 2799 790 2890 quibus
815 2799 1057 2868 describendis
1090 2803 1238 2870 multum

114 2912 187 2978 sine
208 2910 315 2977 dubio
336 2908 477 2996 adjutus
505 2908 571 2974 fuit
589 2907 764 2993 Vergilius
779 2947 823 2956 —
842 2907 1135 2997 (Andromacham
1160 2911 1237 2978 dioo

116 3024 150 3086 et
168 3015 351 3106 Didonem)
372 3017 564 3106 —primas
590 3015 846 3105 exploraturus,
869 3021 907 3082 ut
934 3039 1024 3105 quae
1045 3017 1087 3083 de
1108 3040 1170 3086 suo
1190 3020 1239 3085 la-

114 3127 206 3191 tinus
235 3130 339 3215 poeta
367 3123 506 3190 aliunde
542 3122 691 3212 aooeptis
721 3121 895 3189 addiderit
923 3123 1121 3214 expediam,
1151 3125 1238 3192 illud

114 3231 200 3298 mihi
220 3235 298 3298 ante
319 3231 434 3297 omnia
458 3229 689 3295 demonstrari
713 3228 829 3312 decet,
853 3231 992 3316 cognita
1011 3231 1141 3299 soilioet
1161 3255 1235 3299 esse

114 3339 214 3405 nobis
234 3339 350 3404 omnia
369 3337 581 3426 antiquitatis
609 3330 832 3403 monumenta
857 3338 1043 3426 exquibus
1072 3339 1234 3406 Aeneidis

115 3445 235 3514 auctor
254 3446 373 3512 utilem
392 3445 572 3534 percipere
591 3444 741 3510 fructum
762 3446 925 3534 potuerit.

671 3749 686 3814 I

535 3987 576 4029 DE
600 3986 824 4032 ANDROMAGHA

161 4205 242 4294 lpsa
273 4207 364 4271 enim
400 4205 443 4272 de
483 4206 675 4293 vergiliana
710 4205 957 4273 Andromacha
991 4205 1065 4271 fieri
1101 4230 1239 4297 quoque

116 4334 219 4402 posse
252 4313 447 4382 istiusmodi
478 4319 772 4403 comparationem
798 4314 925 4395 sentio,
948 4336 1146 4403 quanquam
1170 4339 1238 4383 non
