2844 4928
632 336 806 383 concursio.
1221 313 1280 376 tea
1379 344 1382 349 ,

159 510 286 575 tabuiis
305 511 362 576 vel
381 511 613 600 poematibus,
632 534 720 600 quae
743 510 908 600 usquead
929 531 991 574 nos
1012 505 1178 603 singulari
1198 528 1281 595 qua-

161 615 239 681 dam
259 616 318 681 fati
347 617 478 683 invidia
504 640 573 685 uon
602 618 835 709 pervenerint,
872 616 1011 682 haurire
1037 614 1189 704 potuerit
1214 613 1281 679 hoc

120 810 122 815 Ι
157 723 382 790 verisimilem
410 724 446 789 in
473 724 648 809 modum„
668 725 732 792 etsi
758 746 823 814 per
849 723 1099 810 conjecturam,
1121 720 1281 786 demons-

157 830 257 896 travi.
285 830 377 916 Ergo
401 832 487 897 haec
513 833 670 897 omniae
699 854 734 899 se
759 832 835 921 ipso
860 829 1115 920 exprompsisse
1137 826 1282 894 creden·

159 935 223 1003 dus
240 943 302 1006 est.

704 1089 738 1157 ΙΙ

203 1284 362 1353 Secundo
392 1284 433 1352 de
459 1286 600 1369 Amata,
630 1285 790 1369 Camilla,
818 1286 933 1369 Aricia,
957 1284 1097 1366 Creusa,
1121 1280 1282 1350 Lucinia-

157 1414 240 1482 quc,
268 1415 355 1482 quas
383 1392 560 1479 attingenti
586 1392 740 1480 Vergilio
766 1391 863 1458 nulla
888 1391 996 1457 farine
1022 1391 1127 1458 fuisse
1154 1389 1281 1456 auxilia

158 1504 255 1566 const
279 1506 291 1565 t
316 1539 360 1549 -
386 1499 432 1588 (et
460 1522 563 1589 quam
594 1500 673 1587 jure
703 1504 847 1581 constet,
882 1500 1008 1565 iterum
1043 1496 1282 1564 demonstran·

160 1606 244 1672 dum
264 1628 339 1672 esse
356 1607 503 1697 censui),
521 1645 564 1657 -
582 1607 637 1673 his
656 1606 859 1673 mulieribus
880 1628 921 1671 ea
940 1605 1055 1673 omnia
1074 1609 1278 1694 suppetunt,

161 1735 361 1803 quanquam
381 1736 448 1779 nou
475 1713 533 1779 diu
558 1714 703 1779 istacin
728 1735 852 1782 scaena
873 1717 1069 1795 remanent,
1097 1733 1185 1801 quae
1205 1732 1283 1800 per-

160 1842 261 1887 sonas
282 1843 302 1885 a
322 1820 433 1910 poetis
453 1824 586 1886 creatas
604 1820 735 1887 habere
750 1825 885 1909 oportet
896 1824 930 1885 et
940 1840 1078 1908 semper
1093 1819 1278 1909 oportebit,

159 1934 197 1993 ut
217 1950 317 1994 verae
339 1950 414 1996 esse
436 1933 470 1994 ct
489 1927 745 2017 quodammodo
764 1931 881 1993 vivere
902 1925 1095 1993 videantur.

204 2122 292 2188 Nam
312 2121 464 2211 primum
483 2120 526 2188 de
546 2120 684 2188 illarum
703 2145 910 2214 unaquaque
931 2123 1012 2188 satis
1032 2121 1140 2188 multa
1159 2143 1177 2186 a
1198 2120 1280 2187 Ver-

159 2228 243 2316 gilio
270 2228 452 2314 docemur,
483 2229 547 2295 etsi
582 2218 696 2319 primo
727 2229 893 2319 adspectu
923 2229 1077 2316 jejunius
1105 2228 1278 2318 descripta

158 2335 270 2401 videri
281 2340 394 2425 potest
407 2337 626 2417 feminarum,
642 2335 684 2401 de
700 2337 827 2427 quibus
846 2359 937 2402 nuuc
957 2335 1118 2419 dicimus,
1129 2335 1275 2401 indoles

161 2441 229 2508 Sed
253 2441 341 2508 iilud
360 2441 651 2509 considerandum
672 2450 724 2509 est
743 2442 837 2532 quod
859 2443 1033 2528 Vergilius
1050 2464 1119 2507 non
1138 2443 1278 2508 histori-

157 2571 277 2615 corum
314 2572 411 2616 more
440 2550 475 2615 in
505 2571 612 2615 unum
646 2552 746 2639 quasi
782 2571 944 2616 acervum
975 2549 1146 2616 contrahit
1174 2572 1278 2639 quae-

156 2678 304 2746 cumque
336 2655 442 2743 hujus
481 2662 539 2723 aut
575 2656 668 2724 illius
705 2679 876 2746 personae
914 2655 1066 2722 indolem
1103 2656 1276 2723 iilustrare

152 2769 314 2853 possunt,
345 2786 458 2854 neque
479 2786 520 2830 ea
540 2764 663 2846 semel,
694 2763 933 2852 Thucydidem
956 2763 1012 2828 vel
1032 2762 1168 2829 Livium
1198 2765 1277 2830 imi-

150 2874 254 2943 tatus,
277 2871 436 2960 exponit;
462 2893 584 2937 verum
604 2871 675 2937 sive
696 2876 883 2961 exspectat,
907 2870 1141 2936 scaenicorum
1161 2872 1276 2959 potius

151 2980 335 3066 poetarum
352 2978 520 3044 rationem
547 2978 644 3043 ineo
666 2984 816 3061 secutus,
845 2977 956 3044 donec
985 2975 1050 3042 sibi
1069 2979 1274 3045 narrationis

150 3084 259 3173 ipsius
285 3089 405 3151 tenore
433 3084 646 3175 praebeatur
673 3086 808 3150 occasio
827 3105 1014 3174 personam
1034 3084 1208 3173 quandam
1227 3087 1276 3151 ita

152 3195 312 3275 agentem
331 3197 365 3258 et
384 3192 582 3282 loquentem
602 3191 763 3275 faciendi,
784 3197 822 3257 ut
840 3191 918 3258 talis
939 3213 1013 3257 esse
1029 3191 1149 3258 lectori
1167 3193 1274 3277 gestis

152 3297 221 3366 suis
248 3298 334 3386 ipsis
360 3304 527 3389 appareat
553 3299 692 3388 qualem
721 3298 786 3364 sibi
814 3299 961 3388 scriptor
988 3299 1062 3388 ipse
1091 3297 1208 3381 finxit3
1230 3339 1274 3348 -

152 3403 223 3470 sive
261 3405 351 3471 inter
377 3407 611 3471 narrationem
648 3407 761 3495 ipsam
795 3405 852 3471 hic
888 3404 960 3470 illic
994 3405 1273 3472 observationem

152 3510 327 3601 quandam
353 3512 464 3599 injicit
483 3518 541 3578 aut
565 3512 707 3579 brevem
727 3511 1067 3601 descriptiunculam,
1096 3511 1150 3576 vel
1169 3513 1273 3579 etiam
1332 3539 1336 3547 ’

150 3618 389 3684 tantummodo
407 3618 572 3686 idoneum
592 3619 801 3709 epithetum,
824 3619 949 3708 quibus
968 3617 1164 3704 legentibus
1184 3642 1272 3710 pau-

147 3724 243 3790 latim
274 3730 318 3808 et,
353 3731 390 3791 111
415 3727 463 3791 ita
483 3724 607 3808 dicam,
632 3727 789 3793 clanculo
813 3726 1001 3811 infigantur
1019 3727 1180 3817 propriae
1201 3728 1272 3795 sin-

145 3832 306 3917 gularum
334 3855 562 3922 personarum
594 3833 720 3899 indolis
750 3834 972 3899 lineamenta.
1013 3831 1141 3922 Sparsa
1165 3835 1273 3920 igitur

148 3938 363 4029 disjectaque
385 3944 464 4007 sunt
482 3962 547 4029 per
559 3941 764 4023 Aeneidem,
786 3939 1030 4029 interdumque
1045 3941 1112 4007 alia
1130 3942 1175 4007 ab
1195 3943 1271 4008 aliis

145 4047 283 4132 lougius
312 4054 446 4113 remota
474 4048 540 4129 ista
569 4047 850 4137 quasimembra
877 4069 1104 4136 personarum
1123 4049 1158 4114 in
1179 4071 1271 4115 scae·

145 4174 226 4219 nain
240 4153 477 4236 inducturum3
496 4176 584 4243 quae
600 4160 717 4221 tamen
734 4156 762 4220 si
780 4154 964 4221 recollecta
978 4156 1214 4239 connexueris,
1227 4194 1271 4205 -

145 4261 246 4326 sicuti
266 4262 422 4328 mihimet
442 4282 506 4347 ego
526 4262 705 4351 proposui,
720 4262 998 4352 —perspicuum
1019 4268 1083 4345 est,
1104 4264 1140 4329 ni
1154 4263 1267 4346 fallor,

147 4389 216 4457 qua
234 4367 409 4454 Vergilius
422 4391 515 4449 cura,
536 4371 717 4458 quacopia
737 4370 899 4435 mutieres
921 4390 999 4435 suas
1019 4371 1265 4440 informaverit.
