2844 4928
502 307 599 354 CAPUT
624 307 797 354 SECUNDUM.

155 544 157 548 ,
234 483 281 539 καί
294 503 342 538 κεν
359 483 387 540 ἐν
405 479 509 562 ’Ἄργει
525 482 606 541 ἐοῦσα
620 487 687 565 πρὸς
701 480 791 559 ἄλλης
804 484 881 541 ἱστὸν
897 479 1019 563 ὑφαίνοις

236 577 282 639 καί
295 602 343 637 κεν
359 579 431 662 ὕδωρ
448 577 554 663 φορέοις
570 578 729 657 Μεσσηΐδος
745 579 763 658 ἢ
786 579 950 658 Ὑπερείης,

233 677 315 737 πόλλ’
331 675 523 757 ἀεκαζομένη,
542 679 666 761 κρατερὴ
683 677 853 739 d’trrrxaicar'
870 674 1012 754 avdqu¹.

138 862 250 943 Quam
272 865 428 955 profecto
456 867 697 932 necessitatem
721 865 958 952 Vergilianum
983 883 1121 952 quoqne
1145 859 1215 925 An-

92 970 331 1053 dromacham,
354 972 436 1039 dum
456 994 557 1040 serva
578 972 797 1062 Neoptolemi
822 972 898 1054 fuit,
921 970 1069 1035 subiisse
1096 966 1215 1033 verisi-

91 1077 174 1144 mile
195 1083 267 1160 est;
286 1101 400 1168 neque
412 1083 529 1146 tamen
544 1079 690 1147 subiisse
706 1079 813 1159 dicas,
829 1073 906 1145 cum
920 1098 988 1143 non
1007 1075 1087 1141 inde
1107 1073 1215 1139 ullam

92 1185 266 1253 maculam
287 1191 344 1280 aut
368 1188 468 1276 quasi
493 1187 645 1253 muneris
672 1185 846 1253 ancillaris
874 1190 990 1251 notam
1020 1180 1211 1249 retinuerit.

140 1291 236 1373 Quae
256 1293 397 1382 quidem
416 1295 563 1360 Ascanio
582 1294 681 1360 offert

406 1489 567 1554 picturatas
582 1501 653 1541 auro
668 1490 837 1543 subtemine
852 1494 950 1541 vestes

343 1573 378 1623 Et
393 1569 549 1634 Phrygiam
564 1569 780 1634 chlamydem...

275 1685 279 1691 -
373 1650 600 1715 Textilihusque
613 1655 716 1702 onerat
732 1650 849 1703 donis...

94 1848 111 1883 «
137 1843 306 1888 mortuum
337 1843 481 1887 suarum
510 1830 745 1890 monumenta.
774 1849 790 1885 ο
827 1821 988 1888 Linteum
1026 1842 1107 1886 vero
1144 1840 1214 1885 non

91 1929 168 2016 ipsa
187 1930 323 2008 texisse,
340 1927 402 1995 sed
423 1951 573 1995 «auro»
593 1929 832 1996 tantummodo
853 1928 1071 2018 «pinxisse»
1091 1931 1214 2017 putare

91 2033 203 2101 volo².
222 2034 297 2100 Non
312 2036 342 2102 is
362 2037 453 2101 enim
473 2036 549 2122 ejus
569 2035 707 2103 habitus
728 2041 791 2117 est,
807 2035 906 2123 cujus
926 2055 1048 2100 manus
1068 2032 1214 2099 subdam

91 2140 343 2230 vulgaremque
364 2142 477 2209 colum
497 2165 636 2209 versare
649 2144 780 2223 valeat;
799 2144 879 2209 satis
895 2146 947 2210 est
961 2142 990 2207 si
1003 2141 1215 2227 elegantiora

92 2248 319 2337 tenuioraque
339 2249 506 2339 opuscula
525 2249 700 2316 interdum
717 2255 853 2330 tractet,
875 2270 1023 2338 quorum
1041 2249 1078 2314 in
1096 2247 1216 2313 oblec-

33 2442 37 2447 .
91 2355 221 2421 tatione
250 2355 484 2423 Romanarum
512 2356 658 2443 Vergilii
689 2358 886 2446 aequalium
904 2362 1141 2422 matronarum
1160 2356 1216 2421 vel

93 2459 356 2530 delicatissimae
382 2484 584 2529 consumere
610 2464 738 2529 inertes
761 2463 866 2529 horas
891 2461 1083 2528 solebant³.
1115 2460 1213 2527 Adeo

92 2587 163 2632 non
187 2567 223 2631 in
250 2567 404 2634 Aeneide
423 2570 617 2658 reperimus
642 2569 834 2659 simplicem
853 2569 949 2635 illam
969 2574 1003 2634 et
1020 2569 1093 2634 fere
1113 2568 1214 2635 rusti-

92 2695 168 2739 cam
194 2673 347 2741 Eetionis
362 2675 480 2759 filiam,
503 2677 741 2763 cujuslratres
767 2704 782 2737 a
813 2675 1033 2762 tardigrados
1057 2675 1164 2741 boves
1195 2702 1211 2737 »

92 2780 344 2865 custodiebant,
368 2783 423 2849 vel
453 2783 556 2850 etiam
577 2783 769 2851 modestam
788 2784 884 2850 illam
905 2782 1212 2864 matremfamilias,

92 2909 198 2978 quam
217 2894 295 2955 ante
315 2890 517 2981 Euripidem
537 2890 708 2957 Homerus
729 2912 866 2981 semper
885 2897 1057 2977 agentem,
1080 2889 1215 2957 domes·

91 2998 237 3086 ticisque
268 2998 358 3064 curis
384 2999 564 3082 intentam,
596 2999 756 3088 intraque
785 2999 936 3089 parietes
964 3003 1211 3080 remanentem,

90 3105 241 3190 ingenue
275 3104 420 3187 effinxit,
447 3145 491 3154 -
523 3113 560 3171 ut
592 3114 711 3173 contra
743 3106 901 3191 reginam
935 3127 1016 3170 vere
1053 3127 1088 3170 se
1123 3127 1214 3172 nunc

91 3209 335 3278 Andromacha
354 3218 516 3303 praestet,
538 3215 742 3303 regiumque
763 3213 929 3303 quiddam
954 3219 987 3278 et
1012 3212 1151 3279 habitus
1181 3218 1215 3278 et

91 3317 201 3384 verba
226 3318 405 3387 redoleant
420 3320 443 3388 Ι.
472 3321 585 3388 Efficit
607 3326 723 3387 autem
746 3321 828 3405 hoc,
851 3322 887 3388 ni
910 3322 1022 3402 fallor,
1045 3326 1118 3387 tum
1142 3320 1213 3387 dis-

124 3513 146 3561 1.
162 3511 195 3562 ll.
212 3513 252 3572 Vl,
268 3512 323 3574 454,
339 3512 393 3564 465.

123 3584 147 3634 2.
166 3583 279 3633 Wlauaa
299 3584 351 3665 ped.
371 3585 441 3648 min.)
459 3585 525 3646 apud
541 3586 669 3646 Foaamas,
685 3601 710 3649 p.
732 3587 788 3648 386,
805 3587 954 3635 «textilia»
971 3591 1063 3635 tantum
1087 3607 1098 3631 a
1121 3588 1186 3635 dona
1202 3605 1214 3629 »

91 3670 205 3705 manuum
220 3654 398 3704 Andromachis
414 3661 567 3705 monumenta
581 3672 635 3707 esse
650 3660 741 3708 censet.
759 3678 771 3702 «
791 3659 891 3707 Praeter
910 3660 1042 3720 pretiosam
1061 3659 1127 3707 illam
1148 3658 1214 3706 chla-

92 3727 188 3792 mydem
201 3732 232 3776 e'x
247 3728 354 3789 antiquis
368 3728 484 3789 operibus
504 3732 638 3790 sumptam,
655 3729 726 3778 ollert
741 3731 800 3778 haec
815 3744 911 3792 quoqne
926 3730 991 3778 dona
1007 3731 1113 3788 textilia,
1130 3744 1173 3792 per
1188 3743 1215 3776 se

91 3799 191 3862 quidem
206 3798 254 3846 illis
267 3799 363 3859 viliora,
379 3798 429 3847 sed.
440 3799 518 3861 ipsius
532 3798 659 3862 largientis
675 3801 829 3849 manufacta.
844 3821 855 3844 »
869 3801 1018 3862 interpretor
1029 3805 1131 3862 egomet,
1144 3801 1213 3863 quasi

92 3869 263 3918 Andromacha
277 3869 363 3918 dicens
379 3884 385 3917 :
402 3889 413 3913 u
431 3869 523 3931 Accipe
538 3873 563 3918 et
579 3871 668 3921 haec...
683 3890 710 3931 a,
726 3873 807 3920 omnia
820 3873 885 3920 dona
897 3887 936 3919 vv.
953 3870 1062 3920 lea-485
1076 3875 1216 3920 enumerata

93 3955 148 3990 cum
162 3940 411 4003 magnificentioribus
423 3940 507 3989 Heleni
519 3942 661 3990 muneribus
674 3947 806 4006 comparet.
822 3942 858 3992 cl.
873 3944 936 3992 intra
951 3945 1072 4006 quomodo
1083 3943 1214 4005 explanan-

92 4013 151 4060 dum
165 4010 223 4058 mihi
238 4011 368 4060 videatur:
386 4032 397 4057 «
414 4024 459 4060 nec
476 4011 541 4059 cedit
556 4013 658 4062 honore.
679 4033 690 4056 n

124 4081 148 4132 3.
165 4081 200 4133 (ΙΙ.
218 4082 329 4143 Sacram,
347 4082 446 4141 Oetam,
467 4098 522 4131 cxiv
544 4089 568 4132 el
587 4084 695 4144 Tiausa,
711 4085 729 4146 Ι,
749 4084 773 4144 3,
793 4086 823 4134 85
839 4086 905 4148 apud
920 4086 1108 4146 Farancaasoaa,
1120 4087 1216 4136 Moemu

92 4155 232 4212 romaicus,
249 4154 320 4204 trud.
335 4155 382 4217 fr,
398 4154 417 4213 l,
433 4168 457 4216 p.
473 4153 527 4203 346.
685 4200 689 4207 ,

100 4270 104 4279 ,
125 4225 148 4274 Ι.
168 4225 193 4273 ln
207 4225 272 4275 Aen.
288 4225 317 4286 ll,
334 4241 357 4275 v.
374 4225 428 4286 456,
445 4226 513 4288 quasi
535 4227 622 4275 mirum
639 4231 662 4276 et
679 4228 774 4291 insigne
794 4234 877 4277 narrat
898 4230 1002 4291 Aeneas,
1018 4231 1215 4281 Andromacham

93 4297 240 4347 adsoceros
254 4302 278 4346 et
292 4311 364 4346 avum
378 4299 550 4361 Astyanactem
570 4299 743 4361 perduxisse«
763 4300 934 4351 incomitatam.
952 4320 964 4345 a
984 4302 1009 4350 ln
1025 4317 1097 4352 versu
1117 4302 1173 4364 lat,
1194 4306 1215 4352 si

94 4369 166 4416 lectio
181 4369 251 4431 (quae
265 4369 362 4432 quidem
373 4369 517 4431 optimorum
533 4370 752 4432 manuscriptorum
765 4371 811 4434 est)
828 4385 833 4418 :
857 4391 868 4415 a
885 4385 930 4422 nec
954 4373 1019 4422 ccdit
1038 4373 1133 4423 honori
1146 4394 1158 4420 υ
1173 4375 1216 4424 ad·
1263 4366 1266 4371 ’
