2844 4928
564 342 661 388 carus
686 343 847 399 quaerant.
1206 318 1268 385 133

145 515 321 610 quomodo
350 516 551 603 exaggerari
580 521 614 581 et
645 515 807 581 muliebri
835 516 1038 604 repetitione
1065 512 1270 603 amplificari

145 630 251 717 queat
274 678 281 691 '
506 713 616 764 Causas
628 709 746 762 innecte
760 709 904 773 morandi,

287 792 359 844 dum
373 789 475 856 pelago
490 790 623 842 desaevit
632 789 729 842 hiems
743 791 748 854 Ι
762 795 791 842 et
805 800 936 854 aquosus
951 788 1060 853 Orioni

287 876 503 936 quassataeque
518 875 607 933 natea,
621 872 626 933 Ι
640 869 711 922 dum
725 883 786 921 non
801 868 955 921 tractabile
969 868 1112 921 coelum¹.

147 1040 368 1127 Vergilianae
393 1040 484 1106 enim
510 1040 642 1123 Annae,
666 1040 755 1108 sicut
780 1060 878 1105 mens
906 1044 1007 1106 acuta
1032 1060 1145 1127 neque
1173 1039 1272 1128 inops

147 1147 296 1231 consilii,
315 1148 364 1213 ita
379 1147 499 1233 lingua
518 1146 640 1215 sollers
660 1150 694 1212 et
714 1145 874 1213 facunda.
905 1146 1072 1227 Quotiens
1093 1146 1183 1211 enim
1204 1144 1274 1210 dis-

147 1254 268 1322 cordia
284 1253 461 1320 exoriebat
447 1259 504 1319 tur
517 1254 568 1319 int
570 1275 608 1319 er
555 1253 784 1336 Aeneam
802 1276 857 1319 cur
847 1252 1109 1335 'indoles,-u
1086 1252 1271 1341 outpinor,

147 1360 368 1451 -asperior
387 1381 426 1426 ac
446 1360 549 1425 nimis
569 1380 706 1425 morosa
717 1359 795 1440 fur
808 1358 1115 1448 —Didonemque,
1127 1359 1275 1424 nimium

148 1470 226 1556 ejus
246 1474 419 1536 amantem
440 1489 544 1556 qnam
567 1471 603 1533 ut
621 1467 666 1533 ab
686 1489 727 1533 ea
749 1493 764 1530 ιι
788 1467 940 1533 coleretu
903 1473 1012 1549 ιιιιιι,
1030 1467 1155 1532 totiens
1174 1465 1275 1531 Anna

149 1598 187 1642 se
206 1575 302 1665 pacis
322 1575 546 1664 interpretem
564 1598 605 1642 ac
625 1580 851 1664 sequestram,
873 1597 938 1641 nec
957 1575 1151 1657 infeliciter,
1172 1574 1276 1639 inter·

149 1681 304 1772 ponebat
325 1704 333 1754 :

369 1795 430 1849 sola
442 1797 496 1849 viri
514 1797 619 1848 molles
631 1795 732 1849 aditus
747 1801 777 1848 et
792 1800 924 1861 tempora
938 1800 1034 1855 norat,

153 1993 170 2028 ιι
192 1986 406 2055 arcanasque
430 1994 446 2028 ιι
479 1966 581 2032 etiam
606 1966 657 2031 illi
678 1993 694 2027 ιι
717 1988 837 2035 sensus
858 1966 1001 2033 credere
1029 1994 1045 2029 ιι
1066 1965 1185 2032 solitus
1204 1968 1278 2030 erat

150 2073 300 2157 Aeneas,
331 2095 410 2139 cum
429 2094 554 2162 nempe
574 2072 653 2162 plus
673 2069 777 2162 quam
804 2074 989 2141 femineam
1016 2075 1129 2140 inesse
1156 2072 1277 2138 Annae

152 2181 358 2270 sapientiam
377 2180 622 2270 perspexisset,
645 2181 824 2271 plurisque
852 2183 991 2267 reginae
1008 2201 1162 2251 sororem
1173 2200 1277 2268 quam

152 2287 311 2372 reginam
329 2288 442 2376 ipsam
460 2287 600 2354 laceret.

199 2391 345 2474 Quando
373 2394 479 2480 igitur
511 2394 571 2460 ille
599 2395 634 2460 in
669 2417 709 2461 eo
741 2400 793 2461 est
822 2401 860 2461 ut
888 2395 1143 2484 proficiscatur,
1175 2396 1202 2461 it
1239 2415 1279 2461 ac

151 2499 243 2568 redit
230 2502 387 2584 Atnna,
423 2500 566 2567 Didonis
595 2523 727 2590 preces,
759 2502 897 2567 Aeneae
924 2502 1082 2592 repulsas
1105 2502 1219 2567 ferens
1240 2523 1279 2568 ae

154 2608 340 2701 referensl.
368 2609 439 2696 Nec
458 2607 574 2674 taedet
594 2630 670 2674 eam
692 2634 709 2669 ιι
731 2608 922 2697 superbum
945 2636 961 2670 ιι
982 2615 1017 2675 e
1042 2635 1058 2670 ιι
1081 2608 1117 2673 in
1119 2612 1207 2673 ttrac
1193 2607 1280 2674 tabi-

154 2693 225 2781 lem
243 2714 323 2781 host
309 2721 379 2781 tem
401 2744 417 2777 ιι
439 2716 598 2782 adiret
564 2721 598 2782 et
618 2716 928 2806 supplicationibus
949 2715 1110 2803 aggredi,
1133 2737 1280 2805 quarum

155 2820 293 2887 Dido
266 2844 297 2888 er
317 2828 398 2888 tunc
417 2823 609 2902 materiam,
632 2829 670 2889 ut
688 2824 737 2889 ita
755 2822 867 2888 dicam
873 2828 1071 2912 ,t;praesla
1102 2823 1178 2912 ipsa
1198 2844 1280 2887 vero

156 2933 440 3014 argumentorum
460 2929 721 3019 dispositionem
741 2936 774 2995 et
797 2930 1024 2996 elocutionem
1044 2929 1152 2995 affert.

202 3034 339 3101 Etenim
359 3057 513 3101 sororem
533 3042 626 3102 amat
644 3038 762 3118 Anna3
784 3058 983 3127 quanquam
1002 3036 1093 3102 hunc
1113 3056 1279 3119 amorem,

156 3143 239 3207 licet
257 3165 390 3224 verum,
412 3149 616 3209 nontamen
636 3145 943 3232 exquisitissimum
966 3164 1040 3210 esse
1064 3166 1128 3209 nec
1148 3142 1282 3231 perfec-

157 3249 330 3315 tissimum
351 3248 513 3315 subtilius
532 3249 678 3316 indicari
697 3273 717 3314 a
735 3257 839 3341 poeta
859 3251 944 3315 mihi
965 3250 1112 3316 videtur.

191 3471 214 3519 1.
232 3470 274 3530 lv,
290 3470 373 3522 ιιι-53.
390 3498 421 3508 -
436 3472 479 3520 llic
494 3473 582 3521 deesse
595 3472 677 3536 aliqua
697 3477 765 3536 putat
781 3470 892 3532 brunnen,
910 3472 975 3521 velut
990 3473 1011 3520 si
1024 3472 1087 3520 Dido
1102 3473 1208 3520 Aeneam
1225 3471 1284 3519 hor-

160 3547 262 3600 taretur,
282 3546 308 3590 ut
334 3556 410 3591 naves
428 3544 549 3604 reliceret,
575 3543 654 3592 hieme
674 3559 740 3593 usus.
765 3571 796 3580 -
820 3543 872 3602 Quo
897 3544 1066 3605 supplemento
1088 3557 1150 3606 opus
1165 3557 1220 3590 esse
1235 3556 1283 3589 non

159 3614 266 3663 arbitror
278 3629 284 3660 :
296 3632 308 3656 ιι
321 3618 499 3676 quassataeque
510 3619 584 3679 rates,
598 3633 610 3658 ιι
622 3615 637 3663 i.
650 3629 683 3674 ι,
696 3636 707 3660 ιι
719 3616 776 3663 dnm
791 3615 903 3677 quassari
917 3615 996 3662 solent
1011 3618 1076 3661 rates
1091 3613 1205 3660 ductibus
1219 3625 1284 3660 com-

159 3685 257 3733 missae.
276 3703 330 3726 ιι-
346 3683 411 3732 Idem
428 3689 527 3747 propter
550 3685 611 3734 hanc
627 3700 723 3735 aarrsam
740 3701 827 3734 versus
852 3685 924 3747 hujus
945 3686 1015 3732 finem
1039 3684 1209 3746 interpolatam
1227 3680 1284 3744 opi-

159 3755 399 3816 naturamnaturaim
415 3759 490 3802 totum
506 3770 603 3804 versum
619 3757 701 3819 delet).
719 3758 788 3815 Quod
805 3757 891 3818 siquis
904 3756 1014 3803 alterutri
1031 3754 1208 3817 philologorum
1223 3754 1282 3800 ista-

160 3841 214 3881 rum
229 3826 393 3885 adsentiatur,
410 3832 510 3888 propter
526 3827 590 3889 quod
608 3847 619 3871 ιι
636 3830 699 3877 dara
715 3843 766 3876 rrorr
791 3826 932 3875 tractabile
953 3825 1052 3874 coelam
1069 3844 1090 3884 n,
1115 3831 1187 3887 atque
1211 3825 1282 3871 etiam

161 3918 173 3941 ιι
188 3899 332 3962 quassatae
347 3902 419 3946 rates
435 3916 446 3940 ιι
463 3898 555 3945 ιιιιΙΙιιιιι
570 3899 643 3949 alium
659 3913 745 3947 revera
760 3899 900 3946 contineant
915 3912 987 3960 qnam
1008 3896 1177 3959 praecedentis
1197 3908 1284 3942 versus

160 3983 268 4027 sensnm,
286 3982 364 4030 neque
379 3983 407 4016 ea
430 3969 486 4015 mibi
505 3970 564 4016 satis
581 3969 715 4031 probabilis
734 3970 795 4018 ratic
810 3969 943 4019 videretur.
968 3968 1028 4016 Nam
1044 3968 1064 4015 si
1080 3981 1164 4015 omnes
1180 3971 1283 4015 senten-

160 4040 257 4103 tiarum,
268 4039 319 4100 jam
334 4039 408 4087 semel
423 4052 603 4100 expressarum,
622 4041 781 4104 repetitiones
801 4053 831 4087 ex
846 4039 955 4088 Aeneide
970 4038 1136 4087 detrahendae
1154 4038 1216 4099 sint,
1232 4041 1285 4085 ter-

161 4110 228 4168 tiam,
245 4111 329 4172 credo,
355 4110 474 4171 poematis
499 4114 591 4171 partem
606 4111 697 4159 deleas.
714 4114 786 4159 Amat
804 4111 869 4159 enim
890 4114 914 4159 et
933 4111 1020 4158 crebro
1041 4113 1141 4171 usurpat
1161 4107 1285 4170 Vergilius

161 4180 243 4228 varias
258 4179 315 4227 illas
329 4183 354 4227 et
368 4180 469 4228 iteratas
485 4181 557 4228 unius
571 4182 725 4244 cogitationis
741 4182 840 4239 formos,
857 4181 928 4229 sicuti
944 4181 1079 4229 rectissime
1095 4181 1186 4242 passim
1202 4184 1286 4226 osten·

162 4249 199 4298 dit
211 4249 233 4298 J.
253 4249 344 4297 Henna.
361 4249 462 4312 Aliquid
477 4249 633 4311 rhetoricum,
649 4252 838 4310 ciceronianum,
855 4252 893 4300 vel
917 4252 999 4310 etiam,
1020 4251 1040 4298 si
1062 4252 1115 4310 vis,
1138 4250 1285 4298 isocratsum

162 4321 265 4384 Vergilii
281 4322 338 4370 stilo
353 4322 444 4380 inesse,
460 4323 549 4370 nemini
564 4322 666 4372 dubium
681 4327 726 4374 est.

194 4391 218 4441 ’2.
236 4391 272 4440 Cl.
288 4393 318 4441 de
333 4406 405 4441 versu
419 4391 459 4450 lV,
476 4391 530 4450 438,
547 4408 630 4456 sopra,
648 4410 670 4456 p.
684 4396 724 4453 (59,
741 4409 764 4441 n.
781 4394 804 4442 li.
