2844 4928
505 281 603 329 aarur
627 283 760 331 paruum
1131 260 1193 357 l05

72 456 344 548 thaginiensium
362 456 520 543 reginam
544 478 623 524 oum
643 457 779 545 trojano
812 455 898 522 duce
923 473 1106 522 commune
1132 455 1195 522 ha-

72 567 202 633 buisse.
1175 559 1177 563 ’

118 673 156 740 ln
184 654 319 759 graecis
343 694 426 739 vero
453 673 565 762 poetis
594 673 726 739 nullam
756 672 805 763 (ut
836 677 888 740 est
915 693 995 739 mea
1014 671 1192 761 memoria)
1247 672 1249 680 '

71 801 258 871 personam
290 780 444 869 reperias
481 802 570 869 quae
604 779 727 846 eadem
751 784 854 868 atque
881 780 1070 866 vergiliana
1095 780 1195 846 Anna

72 889 129 956 vel
148 889 273 958 sentiat
293 887 350 954 vel
369 892 460 973 agat.
483 887 601 974 Longe
625 889 716 953 enim
741 887 839 954 abest
858 892 896 954 ut
916 889 987 954 sive
1016 886 1196 954 Phaedrae

73 996 168 1087 apud
187 996 390 1085 Euripidem
409 997 557 1078 nutrix¹,
580 996 651 1065 sive
677 994 878 1086 Chalciope,
901 995 1043 1062 Medeae
1064 996 1196 1077 sorori,

74 1104 120 1171 ab
139 1103 324 1194 Apollonio
343 1104 380 1169 in
398 1102 633 1193 Arqonoutr'ro
652 1103 804 1185 inducta,
827 1104 941 1170 autin
961 1102 1064 1168 simili
1084 1103 1200 1169 condi-

72 1212 169 1278 tione
189 1215 381 1294 versentur,
403 1216 463 1277 aut
482 1210 613 1279 adfines
634 1210 740 1277 animi
758 1231 879 1277 sensus
905 1232 1045 1300 praese
1073 1212 1195 1279 lerant.

124 1426 226 1508 Quod
245 1424 394 1515 denique
415 1425 536 1492 attinet
555 1425 600 1492 ad
617 1424 695 1491 illas
715 1423 902 1491 muliebres
921 1444 1087 1514 personas
1114 1446 1201 1513 quas

77 1556 96 1600 e
117 1533 249 1599 Latinis
264 1531 391 1599 fabulis
406 1530 580 1618 Vergilius
601 1531 804 1620 desumpsit,
824 1531 1018 1599 -Annam
1034 1531 1123 1615 dico,
1141 1530 1202 1598 Ca·

72 1640 281 1729 ‘millamquc
306 1644 340 1705 ot
363 1638 558 1720 Laviniam‚
584 1679 627 1690 -
649 1660 719 1705 non
745 1639 810 1704 erit
832 1637 986 1728 profecto
1008 1637 1202 1728 periculum

78 1745 218 1815 errandi
238 1745 459 1814 credentibus
474 1746 614 1811 minime
634 1744 868 1812 abundantem
883 1746 1064 1812 materiam
1083 1767 1104 1812 a
1121 1744 1203 1813 Ver·

78 1855 164 1942 gilio
184 1853 238 1936 ibi
252 1853 359 1919 fuisse
378 1856 565 1941 repertam.
587 1853 674 1919 Nam
696 1851 738 1918 de
767 1850 941 1918 veteribus
968 1853 1202 1920 Romanarum

78 1982 197 2028 rerum
213 1959 382 2043 historiis,
403 1959 464 2025 illa
482 1959 560 2048 ipsa
578 1981 667 2049 quae
688 1965 873 2049 supersunt
890 1959 1083 2046 fragmenta
1106 1959 1203 2025 Cice·
1301 1954 1305 1959 ’

81 2069 177 2134 ronis
186 2067 356 2154 judicium
373 2072 469 2132 extra
485 2066 753 2132 controversiam
768 2088 844 2132 esse
858 2067 1019 2156 probant,
1034 2067 1177 2134 dicentis
1192 2090 1200 2137 t

83 2203 100 2238 a
114 2175 198 2241 Post
212 2173 363 2240 Annales
377 2172 580 2263 pontificum
595 2173 837 2257 montanorum,
852 2174 978 2262 quibus
991 2175 1078 2241 nihil
1091 2180 1206 2264 potest

84 2305 159 2351 esse
186 2281 354 2369 jejuniuS,
377 2282 406 2347 si
434 2285 492 2346 aut
520 2280 565 2347 ad
592 2280 752 2363 Fabium,
775 2287 835 2348 aut
861 2280 905 2347 ad
934 2280 1113 2368 Catonem,
1146 2288 1205 2351 aut

85 2390 130 2458 ad
153 2390 327 2470 Pisonem,
345 2392 404 2454 aut
428 2388 473 2455 ad
492 2387 674 2470 Fannium,
694 2393 752 2453 aut
775 2388 820 2455 ad
835 2387 1053 2456 Vennonium
1072 2393 1201 2477 veniaS,

82 2497 166 2587 quid
186 2500 257 2561 tam
278 2495 365 2561 exile
386 2516 491 2583 quam
509 2495 566 2560 isti
582 2496 747 2561 omnes³l
769 2523 784 2558 »
808 2496 928 2585 Neque
941 2502 1056 2564 autem
1074 2499 1206 2584 ingenii

80 2603 325 2670 historicorum
353 2602 461 2692 ipsius
489 2602 728 2669 tantummodo
757 2603 891 2669 siccitas
916 2626 957 2670 ea
974 2604 1054 2688 fuit,
1084 2606 1146 2673 sed
1172 2612 1206 2672 et

82 2716 247 2778 tractatae
278 2709 455 2775 materiae.
478 2707 694 2800 Quicumque
718 2711 809 2776 enim
833 2709 875 2776 dc
899 2713 1021 2801 priscis
1040 2712 1205 2780 Italorum

80 2819 188 2886 rebus
221 2817 418 2884 doctissime
449 2816 701 2900 disseruerunt,
727 2817 821 2885 idem
845 2841 914 2884 uno
941 2842 999 2886 ore
1023 2820 1206 2888 confirma-

81 2948 164 2994 vere
190 2948 197 2995 :
228 2925 333 2991 luisse
362 2946 466 3013 quam
495 2924 641 2991 maxime
668 2924 782 2991 aridas
810 2930 843 2992 et
868 2926 979 2996 nudas
1006 2927 1206 2996 Latinorum

82 3033 235 3115 fabulas,
271 3052 459 3120 eorumque
487 3031 523 3098 in
551 3031 704 3119 mythice
730 3032 786 3099 vel
815 3034 952 3123 poetica
980 3034 1205 3102 fabricatione

82 3141 263 3228 ingenium
281 3139 349 3229 ipsi
368 3138 441 3204 solo
454 3136 543 3204 Latii
557 3138 782 3223 simillimum,
800 3140 906 3230 quod,
924 3146 1062 3209 auctore
1082 3142 1204 3226 Fabio,

117 3345 140 3395 1.
156 3345 219 3395 Vide
234 3344 337 3408 Hippoi.
354 3344 446 3402 Eurum,
462 3344 511 3408 (ed.
528 3343 591 3406 ria)
608 3344 752 3404 praesertim
763 3360 785 3393 v.
802 3361 824 3396 v.
837 3345 955 3408 acl-361,
966 3347 1079 3406 las-lar,
1092 3347 1205 3408 loo-lat,

85 3417 203 3477 500-503,
220 3415 333 3474 sor-524,
347 3414 461 3465 cea-708.
1194 3478 1197 3484 Ι

116 3490 141 3540 2.
157 3486 390 3551 Bauoreriryr'le,
406 3491 423 3535 t.
441 3486 480 3547 ΙΙΙ,
497 3502 521 3549 p.
538 3486 592 3549 191)
609 3488 703 3535 Annam
719 3502 772 3535 cum
785 3487 918 3552 Chalciope
935 3491 1049 3538 conlert:
1074 3511 1085 3535 a
1111 3491 1207 3556 Virpr'le

84 3561 145 3612 s’est
160 3561 262 3623 inspiro
275 3559 306 3608 de
321 3557 642 3628 tetradeumrlpollonius
657 3562 683 3607 et
703 3559 836 3619 Naevius).
862 3580 873 3603 ν)
895 3561 1032 3609 Coamoron
1056 3576 1061 3609 z
1085 3583 1096 3606 a
1125 3564 1207 3629 Virpil

85 3635 137 3684 ltus
150 3631 275 3697 followed
289 3630 446 3694 Apollonius
463 3631 490 3678 in
502 3629 611 3695 making
627 3629 716 3679 Dido’s
736 3632 888 3695 confidente
910 3632 959 3681 lter
975 3634 1062 3683 sister.
1085 3653 1096 3677 a
1120 3633 1160 3682 Sic
1184 3640 1207 3685 et

85 3719 170 3755 omnes
184 3703 227 3752 alii
243 3703 401 3764 ndhucusque
414 3716 419 3761 ;
432 3703 463 3749 cl.
480 3701 568 3760 Gamo,
587 3716 627 3764 op.
641 3703 694 3757 cit,
706 3718 730 3764 p.
748 3703 800 3761 116,
818 3719 841 3754 n.
859 3704 881 3754 1.
904 3731 933 3738 -
955 3704 1036 3766 Longe
1056 3719 1114 3755 vero
1135 3707 1207 3756 aliam

84 3777 158 3826 nobis
173 3775 265 3837 lingere
280 3775 397 3822 debemus
413 3773 560 3835 Chalciopae
574 3787 646 3835 qoam
664 3774 748 3821 Annae
761 3775 906 3835 imaginem
923 3779 999 3823 mater
1013 3781 1050 3824 est
1065 3776 1206 3841 Chalciope,

84 3849 203 3909 timetque
218 3846 270 3893 suis
285 3846 355 3903 filiis,
376 3845 459 3893 losoni
479 3844 664 3904 comitantibus;
681 3845 804 3907 multoque
821 3847 897 3908 magis
912 3851 990 3894 aelate
1006 3852 1120 3909 provecta
1135 3864 1207 3912 quam

85 3918 183 3977 Medea,
197 3931 251 3966 eam
270 3917 399 3965 admodum
414 3916 538 3973 infantem,
559 3916 609 3976 jam
629 3920 705 3977 nupta
727 3916 790 3978 ipsa,
812 3917 874 3965 lacte
895 3931 939 3966 suo
960 3919 1070 3967 nutrivit.
1091 3920 1139 3968 Nec
1164 3935 1208 3968 uo-

84 4003 159 4054 quam
173 3988 283 4037 Medeam
298 3987 401 4049 impellit
416 3991 440 4034 ut
458 4001 502 4034 sno
523 4001 582 4050 erga
600 3987 713 4035 Jasonem
727 3988 803 4036 amori
820 4002 910 4036 rnorem
929 3992 1014 4051 gerat;
1040 3992 1207 4041 tantummodo

86 4064 202 4125 precatur
217 4064 244 4108 ut
255 4059 369 4121 effugium
384 4059 499 4120 praebeat
515 4058 600 4106 liberis
615 4058 678 4119 auis,
692 4072 723 4106 ne
741 4073 796 4107 curn
807 4059 895 4108 iasone
905 4062 1121 4122 poenasaudaciae
1132 4062 1207 4112 luant.

85 4158 119 4171 -
134 4131 170 4181 Cf.
186 4145 268 4193 supra,
284 4144 308 4192 p.
326 4128 410 4178 60-61.

119 4203 143 4253 3.
159 4202 218 4261 Cra,
235 4201 271 4249 De
285 4202 354 4264 Lep„
373 4199 390 4258 Ι,
408 4200 431 4260 2,
447 4199 471 4248 6.
489 4219 500 4245 o
516 4200 627 4261 Jejunius
642 4219 665 4260 a,
681 4201 762 4250 Ursini
778 4201 952 4266 conjecturam,
966 4217 1036 4266 quarn
1057 4204 1166 4253 Niebuhr
1185 4211 1209 4256 el

88 4275 211 4326 Hermann
226 4273 299 4321 Peter
313 4272 456 4335 probavere,
469 4286 565 4334 sequor.
581 4272 779 4335 (historicorum
793 4273 969 4322 Romanorum
982 4276 1149 4340 fragmento,
1166 4277 1211 4329 ed.

88 4348 120 4399 Η.
132 4346 219 4408 Parra,
235 4343 253 4404 Ι,
269 4359 294 4408 p.
310 4343 415 4407 xri-xro.)
431 4369 461 4378 -
477 4342 511 4391 Cf.
529 4343 653 4403 Borssraa,
669 4344 750 4394 Nouo.
768 4344 885 4395 Promea.
902 4344 1026 4406 orcheol,
1043 4361 1068 4410 p.
1086 4346 1140 4396 257.

1116 4437 1129 4483 8
