2844 4928
578 339 676 386 eaeur
700 339 853 398 oururuu.
1216 319 1275 384 141

154 511 258 578 trueti
290 511 428 579 flectere
456 513 549 579 viam
580 517 775 584 necessario
808 515 977 596 debeant,
1008 514 1163 580 Aeneam
1201 506 1279 581 cum

152 617 239 684 Fato
260 620 474 685 consensisse
493 642 562 687 non
582 643 664 689 sane
686 622 804 689 licebit
828 623 979 713 opinari;
997 621 1177 688 —saltem
1197 644 1279 688 vero

153 725 270 791 omnia
293 747 382 815 quae
402 727 546 794 consilio
565 728 743 818 provideri
768 734 922 820 possent,
944 751 1014 819 quo
1034 729 1160 794 certius
1183 729 1281 795 amit·

152 836 284 898 teretur
303 830 442 917 Creusa,
466 857 507 901 ea
524 837 742 925 praecavisse
762 838 917 904 Aeneam
941 836 1075 925 opinari
1093 836 1223 904 licebit.

202 966 217 1000 u
245 939 355 1005 Pone¹
380 966 395 1001 »
417 941 523 1026 igitur
545 969 560 1004 u
583 943 676 1009 subit
692 971 723 1026 »,
739 944 830 1010 dicto
846 965 984 1033 parens,
1001 942 1141 1010 Creusa.
1159 942 1280 1028 Pergit

154 1051 270 1113 autem
290 1047 426 1116 Aeneas
441 1047 518 1131 iter,
539 1048 582 1116 de
601 1051 738 1116 nemine
756 1051 821 1116 nisi
837 1050 880 1116 de
900 1055 997 1140 patre
1017 1055 1168 1139 natoque
1189 1050 1281 1120 solli-

154 1153 277 1237 citus²,
311 1176 423 1243 neque
449 1157 547 1245 prius
567 1157 723 1224 meminit
742 1158 906 1224 uxorem³
926 1179 1031 1246 quam
1046 1178 1135 1239 cum,
1161 1184 1176 1218 u
1198 1163 1281 1224 nota

156 1261 300 1346 regione
329 1262 405 1328 viae
432 1290 448 1323 »
475 1263 631 1346 reliciat,
656 1286 720 1354 per
739 1264 902 1331 circuitus
920 1270 956 1331 et
975 1265 1140 1351 ambages
1165 1264 1280 1330 locum

155 1368 280 1454 attigit,
303 1391 372 1458 quo
396 1391 515 1437 omnes
545 1372 747 1438 conventuri
779 1373 925 1438 essenti.
952 1371 1130 1438 Facillime
1152 1370 1280 1438 Creusa

155 1473 341 1541 aberravit.

202 1580 286 1649 Cum
308 1581 458 1673 denique
487 1584 547 1650 illa
571 1589 649 1652 ante
679 1585 837 1673 conjugis
864 1586 982 1652 oculos
1002 1606 1122 1652 rursus
1143 1584 1275 1668 adest⁶,

156 1711 358 1780 supremum
378 1690 615 1775 valedictura,
634 1693 777 1760 comiter
794 1692 892 1758 illum
912 1692 1075 1780 objurgat
1094 1691 1188 1781 quod
1207 1699 1279 1758 tan-

153 1800 274 1886 topere
294 1796 337 1862 de
358 1818 394 1864 se
415 1798 541 1865 amissa
555 1799 773 1882 lamentetur,
792 1800 892 1889 quasi
905 1803 1036 1866 tantum
1055 1804 1089 1865 et
1103 1800 1279 1889 inexspec-

155 1907 265 1969 tatum
285 1902 440 1972 dolorem
462 1906 585 1972 mirata
606 1929 613 1975 :

324 2099 400 2162 Quid
411 2104 528 2152 tantum
541 2101 639 2151 insono
651 2102 736 2167 Juvat
749 2100 902 2166 indulgere
917 2100 1073 2153 dolorve„

154 2268 275 2358 Neque
304 2270 396 2359 ipsa,
429 2272 493 2338 etsi
522 2293 602 2337 eum
637 2271 800 2338 adamare
826 2271 979 2354 videtur,
1011 2270 1054 2337 de
1093 2293 1155 2340 sua
1186 2276 1276 2337 sorte
1376 2299 1377 2303 ¹

153 2377 327 2466 queritur;
349 2400 413 2445 nec
437 2378 509 2445 Diis
537 2385 597 2446 aut
623 2380 693 2446 lato
721 2380 931 2460 succenset⁸‚
957 2401 1070 2468 neque
1090 2401 1159 2445 una
1177 2401 1277 2469 prae-

153 2485 335 2551 teritorum
363 2490 454 2552 tecto
483 2487 547 2553 sub
574 2486 696 2554 eodem
720 2509 890 2553 annorum
910 2486 966 2552 vel
989 2508 1058 2552 uno
1077 2486 1185 2553 verbo
1205 2507 1276 2551 me-

153 2592 284 2675 minit⁰,
315 2616 429 2683 neque
456 2594 612 2662 felicitati
643 2602 677 2661 et
705 2594 836 2680 gloriae
864 2593 1003 2660 Aeneae
1031 2593 1066 2660 in
1096 2598 1273 2683 posterum

183 2808 205 2856 1.
219 2807 297 2857 Aaou.
317 2809 381 2870 apud
398 2807 514 2867 Senvmu,
530 2809 554 2855 in
569 2808 633 2857 Aea.
650 2808 678 2868 ll,
694 2809 741 2858 725
759 2824 765 2857 z
782 2822 845 2871 pone
869 2822 875 2855 τ
894 2812 962 2870 post,
979 2808 1021 2856 sed
1035 2807 1090 2855 loco
1104 2811 1211 2865 tantum,
1225 2820 1275 2854 non

151 2884 176 2928 ct
188 2880 292 2942 tempori
306 2880 428 2942 adjungit.
445 2880 571 2938 -Pone,
590 2884 687 2943 clergo
707 2880 855 2944 (Formosa).
871 2905 901 2916 -
916 2898 928 2923 u
949 2879 971 2928 A
989 2877 1102 2944 quelque
1117 2878 1244 2927 distance.
1262 2896 1274 2920 »

151 2951 272 3014 (Banorsr)
288 2951 329 3014 qui
343 2951 446 3000 eundem
470 2951 543 3014 igitur
565 2965 619 2999 esse
639 2966 737 3000 sensum
758 2952 835 3000 verbo
855 2965 923 3015 poue
947 2965 974 2999 ac
997 2950 1072 2999 verbo
1090 2948 1164 3014 toaqe
1181 2949 1273 2997 statuit.

150 3020 198 3085 (Cl.
215 3023 403 3084 praecedentem
417 3024 519 3085 notam.)

180 3093 204 3142 2.
220 3094 283 3142 Aen.
298 3093 328 3152 ll,
345 3092 450 3143 iro-729
464 3097 488 3142 et
503 3095 596 3156 pariter
609 3093 750 3157 comitique
765 3094 891 3157 onerique
904 3093 1041 3153 timentem;
1056 3091 1172 3142 vae-735.

180 3164 204 3215 3.
221 3164 283 3216 Aen.
299 3165 328 3226 ll,
346 3160 454 3214 441-444
470 3179 476 3214 :

401 3282 450 3334 Nec
457 3281 529 3335 prius
544 3281 657 3322 amaseam
671 3280 776 3334 respect,
789 3280 924 3322 animumve
935 3279 1020 3334 resteoei

402 3343 475 3395 Quem
489 3343 601 3387 tumulum
617 3343 722 3398 antiquae
737 3342 865 3385 Cereris...

400 3406 519 3449 Venimus.
536 3429 563 3440 -

178 3514 209 3575 ΙΙ,
224 3512 271 3562 iii
286 3529 292 3563 ε
309 3512 414 3565 Comites
429 3518 560 3577 natumque
579 3514 705 3575 virumque
719 3510 828 3576 fefellit,
842 3539 873 3548 -
885 3511 962 3560 Aron.
979 3525 1019 3574 ap.
1038 3510 1149 3559 Servium
1166 3509 1190 3556 in
1206 3509 1269 3560 Aea.

145 3585 175 3644 11,
191 3585 238 3635 444
254 3600 260 3633 :
276 3584 403 3634 «Videtur
420 3599 551 3634 excusasse
566 3584 722 3634 oblivionem
735 3599 811 3634 suam
826 3587 851 3634 et
869 3582 974 3647 culpam
989 3581 1025 3631 ad
1039 3583 1105 3631 Deos
1114 3579 1244 3630 retulisse.
1258 3599 1270 3624 ι)

146 3657 184 3706 Ci.
191 3673 214 3705 v.
231 3656 290 3718 735:
307 3677 319 3702 «
337 3655 408 3706 male
421 3671 510 3704 numen
520 3657 654 3713 amicum·
667 3674 679 3701 »
690 3672 715 3705 v.
725 3655 788 3705 739:
801 3675 812 3700 α
821 3656 911 3719 sato...
923 3657 1023 3716 erepta;
1037 3672 1048 3698 n
1057 3653 1086 3712 it,
1097 3652 1143 3702 445
1153 3666 1159 3700 :
1171 3672 1182 3696 u
1194 3651 1271 3710 Quem

145 3743 195 3777 non
205 3729 315 3778 incusavi
330 3743 414 3777 amens
431 3728 604 3791 hominumque
620 3729 795 3791 Deciumque?
810 3747 822 3772 n
839 3726 877 3774 An
891 3740 950 3775 vero
965 3726 1074 3788 seipsum
1089 3723 1232 3774 incusavit?

177 3800 200 3852 4.
218 3800 284 3849 Aea.
298 3799 327 3861 ll,
343 3799 390 3850 436
406 3815 443 3864 sq.
461 3815 467 3849 :

517 3870 620 3925 Namque
634 3872 684 3913 avia
697 3882 766 3913 cursu

387 3937 443 3977 Dum
457 3945 538 3988 sequor
551 3938 573 3976 et
583 3940 634 3976 nota
649 3935 729 3977 excedo
742 3933 830 3988 regiona
844 3931 939 3986 viarum,
951 3935 995 3974 etc.

176 4042 200 4092 5.
218 4042 281 4091 Aea.
299 4041 327 4100 ll,
343 4041 464 4102 rtatim
483 4041 513 4100 ll,
528 4040 573 4090 441
590 4056 642 4105 sqq.

175 4113 199 4162 6.
217 4115 280 4164 Aen.
295 4113 324 4174 ll,
339 4113 394 4164 442.

175 4186 199 4235 4.
217 4186 282 4235 Aen.
298 4185 328 4243 11,
340 4184 395 4234 446.
413 4212 444 4221 -
457 4183 493 4234 Ci.
511 4200 535 4236 v,
551 4184 598 4235 484
614 4199 620 4232 :
636 4185 760 4234 Lacrimas
775 4184 877 4232 dilectae
892 4179 957 4245 pelle
972 4179 1086 4230 Creusae.

175 4258 198 4305 8.
217 4258 280 4307 Aea.
298 4258 326 4316 ll,
343 4256 460 4307 iro-tte.

175 4329 198 4379 9.
219 4331 280 4377 Aen.
297 4329 326 4389 ll,
344 4328 458 4378 tes-788.
484 4356 515 4363 —-
539 4328 628 4376 Contra
649 4329 752 4375 tutorum
773 4327 811 4374 sui
827 4326 905 4388 ipsius
920 4329 1009 4372 sortem
1025 4324 1130 4371 libenter
1142 4323 1232 4385 occipit
1245 4328 1268 4372 et

145 4401 307 4464 amplectitur.
327 4401 364 4450 Ct.
381 4400 445 4463 apud
462 4400 605 4458 Tonouaruu
630 4400 735 4461 Tnssuu,
760 4397 844 4447 tiber.
860 4397 972 4454 Hieros,
988 4409 1010 4444 c.
1032 4394 1087 4454 Xlt,
1115 4395 1191 4444 verba
1213 4394 1268 4443 Clo-
