2844 4928
148 303 192 374 72
604 321 681 374 rsus
705 321 809 374 rnlon.

157 585 159 589 ,
191 504 292 571 Adde
312 502 407 593 quod
425 525 467 570 ea
485 504 640 586 crimina,
663 525 751 592 quae
771 501 937 568 adversus
952 522 1032 568 eum
1043 495 1134 567 Dido
1146 497 1261 588 injicit,

148 635 216 679 non
240 613 355 678 omnia
370 612 502 701 pariter
517 610 611 698 justa
632 632 780 700 veraque
801 609 994 676 videantur.
1019 608 1159 699 Quippe
1184 629 1264 698 quae

150 747 166 780 «
197 718 367 810 perfidum
397 746 413 780 n
440 739 518 784 eum
544 717 638 785 haud
668 717 774 783 semel
802 716 966 783 nominet.
990 716 1044 782 An
1074 737 1159 781 vero
1192 715 1266 804 quia

41 883 44 895 .
147 828 336 914 improviso
356 832 390 892 et
409 825 564 892 clanculo
582 825 702 911 fugere
721 824 850 890 voluit?

365 1052 543 1107 Dissimulare
558 1057 646 1108 etiam
661 1043 918 1122 sperastisperflde,
934 1057 1052 1106 lantum

366 1139 454 1189 Posse
469 1137 562 1200 nefas,
578 1137 724 1210 taedereque
737 1151 798 1186 mea
812 1133 935 1186 decedere
950 1135 1042 1184 terra?

194 1344 239 1408 At
264 1304 366 1433 supra
387 1343 521 1409 monuit
546 1347 647 1432 poeta
666 1364 735 1408 non
760 1341 798 1407 id
817 1309 891 1409 esse
917 1341 1055 1406 Aeneae
1075 1339 1269 1406 consilium.

150 1448 336 1540 Imperavit
356 1471 437 1516 sane
457 1450 515 1516 ille
539 1448 717 1540 Mnestheo
748 1447 979 1537 Sergestoque
1001 1475 1017 1508 «
1044 1447 1194 1513 classem
1214 1469 1273 1536 ap-

148 1562 261 1623 tarent
280 1557 372 1623 taciti
393 1584 409 1618 »
1131 1551 1133 1554 ⁴

578 1685 609 1732 et
622 1692 697 1745 quae
712 1679 799 1732 rebus
814 1678 853 1731 sit
865 1690 954 1732 eausa
969 1677 1116 1730 novandis

303 1760 541 1825 Dissimulenl3...

148 1991 269 2035 verum
296 1970 429 2035 interea
451 1969 671 2060 quaesiturus
685 1969 760 2058 ipse
786 1974 837 2033 est
858 1974 974 2058 aptam
998 1966 1218 2059 occasionem
1237 1971 1274 2033 ut

149 2097 185 2142 se
216 2075 450 2166 profecturum
472 2074 598 2142 Didoni
623 2076 771 2164 ingenue
788 2073 996 2157 'denuntiem
1026 2074 1075 2141 ita
1100 2079 1139 2140 ut
1166 2073 1273 2164 paulo

149 2192 229 2272 post
247 2182 338 2249 istud
358 2183 530 2249 affirmare
549 2182 643 2249 haud
662 2183 833 2268 immerito
855 2187 958 2271 queat
980 2203 987 2250 :

597 2417 693 2469 neque
707 2417 760 2470 ego
772 2404 848 2456 hane
863 2401 1042 2455 abscondere
1056 2401 1135 2454 furto

290 2484 420 2549 Speravi,
435 2497 472 2536 ne
487 2483 574 2549 finge,
588 2484 720 2550 fugem...

193 2684 247 2750 An
271 2705 353 2749 vero
377 2687 519 2773 propter
542 2681 607 2748 hoc
634 2709 650 2743 α
676 2680 857 2771 perfidiam
884 2709 899 2743 »
929 2681 1004 2768 ejus
1028 2679 1117 2746 Dido
1137 2681 1276 2748 incusat

149 2792 232 2880 quia
250 2790 367 2856 datam
386 2789 490 2856 fidem
513 2789 709 2855 violaverit?
727 2789 773 2855 At
791 2810 968 2878 nunquam
988 2786 1137 2870 dedisse,
1161 2793 1196 2853 et
1215 2789 1278 2855 illa

149 2899 226 2987 ipsa
244 2901 414 2963 testantur
428 2919 517 2986 quae
533 2898 629 2986 prius
642 2896 795 2962 narravit
810 2901 923 2985 poeta,
940 2900 973 2962 et
984 2895 1119 2962 Aeneas
1133 2916 1277 2985 quoque

148 3004 242 3071 idem
262 3004 444 3095 profitetur
465 3005 579 3094 (quem
600 3003 741 3093 quidem
760 3003 896 3070 mentiri
916 3025 984 3069 non
1004 3007 1275 3069 consentaneum

149 3115 211 3200 est)
236 3133 243 3180 :

535 3239 589 3278 nec
604 3226 739 3291 conJugis
754 3237 884 3291 unquam

361 3305 519 3359 praetendi
535 3307 637 3358 laedas
651 3311 702 3358 aut
715 3307 788 3359 haec
805 3307 835 3357 in
850 3305 967 3359 foedera
981 3304 1055 3357 veni.

193 3503 324 3571 Auditu
347 3505 390 3571 sit
408 3503 495 3570 illud
510 3503 647 3587 durum,
665 3509 699 3570 et
718 3527 796 3571 cum
809 3526 933 3595 aspera
949 3504 1105 3592 trucique
1126 3500 1275 3573 sinceri-

147 3614 216 3675 tate
238 3609 283 3676 ab
301 3611 419 3677 Aenea
448 3613 673 3692 enuntiatum,
704 3612 871 3693 eonced03
902 3609 1124 3676 nihilominus
1152 3614 1274 3678 tamen

146 3739 267 3783 verum
294 3724 357 3785 est.
388 3716 452 3783 Illa
485 3718 590 3803 igitur
623 3718 762 3784 demum
789 3724 868 3785 sunt
898 3740 987 3807 quae
1012 3717 1092 3804 jure
1121 3716 1198 3805 quis
1235 3717 1274 3784 in

145 3823 265 3889 Aenea
296 3823 552 3914 reprehendere
578 3827 699 3937 ppssit,
730 3826 801 3891 sive
821 3824 916 3915 quod
943 3846 1096 3891 amorem
1124 3821 1274 3891 Didonis

146 3930 191 3995 ab
220 3931 280 3996 illa
308 3931 374 3996 sibi
406 3932 496 3997 ultro
525 3931 679 3998 oblatum
706 3953 773 3998 non
802 3931 1047 4021 repudiaverit,
1079 3931 1149 3997 sive
1174 3931 1275 4019 quod

146 4037 268 4102 saltem
287 4059 355 4103 non
381 4039 461 4106 satis
481 4037 602 4103 erebro
626 4039 812 4123 monuerit,
841 4061 876 4104 se
901 4059 1078 4128 nunquam
1102 4058 1176 4103 eam
1206 4059 1273 4103 vo-

146 4149 302 4210 caturum
318 4166 393 4210 esse
415 4172 431 4206 «
447 4146 648 4231 conjugem3
669 4172 684 4208 n
705 4184 748 4194 -
768 4145 996 4211 difficiliorem
1010 4166 1092 4211 vero
1114 4172 1130 4204 «
1152 4143 1272 4212 medio

147 4247 190 4314 de
209 4250 302 4317 sonte
321 4251 480 4340 leporum
501 4279 517 4314 »
539 4251 848 4320 admonitionem...
1161 4242 1163 4247 ⁴

192 4353 291 4436 Quod
318 4358 345 4428 si
373 4358 522 4447 denique
548 4380 669 4425 causas
687 4360 901 4448 inquirentes
917 4381 977 4426 cur
996 4365 1172 4449 tantopere
1193 4358 1270 4448 ple-
