2844 4928
517 270 615 317 esrur
640 272 775 317 estnon.
1147 247 1207 311 101

88 450 177 537 quae
206 444 347 535 quidem
373 444 567 531 Vergilium
598 467 666 512 non
708 451 848 512 soneut¹
874 465 987 532 neque
1017 442 1061 508 ab
1088 463 1128 508 eo
1157 442 1210 507 in·

87 558 210 620 ventae
232 552 332 618 facile
353 550 549 618 credantur.

134 660 266 728 Graeca
285 681 367 726 vero
390 665 562 748 poemata,
584 659 673 725 inter
692 680 781 748 quae
803 656 1019 745 notissimum
1045 656 1110 722 fuit
1129 657 1213 722 Arc·
1312 656 1314 661 ’

89 769 152 836 tini
180 767 222 834 de
246 765 464 856 Aethiopicis,
484 767 697 832 Amazonum
728 766 760 830 ei
784 766 937 854 insuper,
963 769 997 830 et
1022 764 1113 830 inter
1135 763 1212 830 illas

89 874 327 944 Penthesileae
354 874 511 960 reginae,
536 872 741 940 imitandum
767 872 944 963 exemplar
963 871 1210 962 praebuerunt.

136 1106 232 1188 Quae
251 1105 293 1173 de
314 1102 482 1173 Creusae
503 1104 714 1195 quibusdam
732 1105 866 1192 graecis
887 1105 999 1194 poetis
1023 1104 1131 1187 duxit,
1154 1104 1216 1170 illa

91 1219 171 1281 sunt
191 1237 199 1283 ε
221 1236 306 1280 uxor
325 1214 456 1280 scilicet
473 1212 624 1295 Aeneae,
642 1219 752 1279 mater
772 1212 922 1295 Ascanii,
944 1213 1067 1279 marito
1087 1235 1149 1277 suo
1170 1211 1214 1277 ab

89 1321 153 1390 Ilio
173 1321 405 1412 proficiscenti
423 1343 491 1387 non
503 1319 612 1387 adluit
632 1342 758 1403 comen,
777 1319 839 1386 sed
854 1343 874 1386 a
887 1317 1017 1408 Cybela
1032 1324 1065 1385 et
1079 1318 1215 1386 Venere

89 1429 167 1496 neci
187 1434 246 1495 aut
264 1428 420 1498 servituti
438 1426 615 1518 subrepta,
637 1434 839 1494 conservata
856 1427 952 1493 fuit².

135 1650 268 1718 Nomen
298 1650 421 1717 saltem
447 1651 566 1717 Annae
596 1649 745 1739 sumpsit
768 1671 788 1715 a
812 1649 942 1714 Naevio
962 1646 1149 1734 Vergilius,
1182 1653 1216 1715 et

92 1781 170 1826 eam
189 1759 295 1825 luisse
315 1757 458 1824 Didonis
483 1757 670 1823 sororem⁸.
697 1757 817 1822 Altera
837 1778 975 1846 quoqne
1001 1755 1120 1821 fabula
1138 1756 1214 1839 fuit,

91 1889 112 1934 a
133 1865 288 1934 Varrone
311 1864 448 1947 tradita,
470 1864 619 1948 Annam,
642 1885 710 1929 non
731 1863 912 1946 Didonem,
934 1862 1072 1928 Aeneae
1098 1884 1216 1929 amore

79 1979 242 2066 captam,
264 1972 418 2065 prolecto
439 1971 588 2058 Trojano
608 1971 694 2039 duee
714 1978 861 2038 mortem
881 1970 947 2038 sibi
972 1971 1178 2037 conscivisse
1192 1970 1214 2038 ⁸.

36 2212 42 2234 ⁴
139 2206 189 2272 De
209 2205 352 2272 Lavinia
371 2205 542 2295 excerpsit
560 2204 679 2271 illude
700 2202 874 2273 veteribus
891 2225 951 2270 seu
965 2202 1092 2270 fabulis
1111 2203 1217 2288 vulgo

92 2312 289 2396 celebratis
317 2333 379 2379 seu
401 2311 637 2403 poematibus,
664 2310 777 2377 Latini
800 2333 924 2400 nempe
949 2309 1070 2394 filiam,
1101 2309 1217 2375 Turno

128 2616 150 2665 1.
169 2615 233 2665 Aen.
248 2613 293 2676 XI,
307 2613 430 2674 stt-sem
446 2612 557 2664 oto-580.

126 2688 150 2738 2.
167 2687 202 2736 De
223 2685 316 2736 Creusa
334 2686 391 2735 vide
405 2701 411 2736 :
427 2686 532 2734 Sasvrun
548 2686 572 2733 in
588 2685 663 2744 Aen„
681 2685 715 2747 ΙΙ,
735 2684 796 2746 7783
819 2685 919 2746 Lrvrun,
938 2684 958 2744 Ι,
977 2684 1008 2746 3;
1027 2684 1127 2736 Droars.
1150 2684 1219 2733 llini-

94 2775 175 2819 cans„
191 2758 231 2815 ΙΙΙ,
246 2757 294 2819 31,
311 2759 447 2815 Arrrssun,
464 2757 496 2806 de
510 2759 581 2821 Rep,
599 2758 617 2816 Ι,
634 2757 645 2805 l
662 2756 735 2820 (apud
748 2754 887 2822 Photium);
902 2757 988 2806 Senos.
1001 2756 1092 2806 Vesus.
1110 2758 1138 2805 in
1153 2759 1218 2808 Aea.

11 2882 14 2886 ,
94 2831 125 2892 ΙΙ,
139 2831 195 2890 ΙΙΙ,
211 2830 316 2893 Fraqm.
333 2829 394 2879 hist.
408 2844 483 2886 rom..
495 2826 535 2878 ed.
553 2829 639 2888 Parra,
654 2844 678 2891 p.
694 2828 764 2878 69-
779 2829 843 2877 unde
858 2830 973 2879 doeemur
988 2829 1018 2878 ab
1034 2828 1159 2877 historicis
1175 2842 1219 2877 ro-

95 2902 175 2951 manis
188 2901 323 2962 veteribus,
334 2901 432 2949 Aeneae
448 2901 528 2964 lugam
543 2899 711 2961 narrantibus,
727 2901 817 2948 nullam
835 2899 941 2949 Creusae
958 2901 1045 2949 laetam
1060 2899 1137 2948 luisse
1154 2914 1220 2948 men·

95 2973 201 3032 tionem,
217 2999 247 3008 -
258 2972 389 3027 Astnuun,
407 2972 439 3019 de
456 2975 512 3022 nat.
529 2972 620 3028 onim„
633 2970 675 3032 ΙΙΙ,
687 2970 731 3032 16,
747 2972 932 3034 Aronnoooauu,
948 2970 1026 3030 atat,
1040 2970 1081 3032 ΙΙΙ,
1097 2971 1135 3028 tt.
1152 2971 1175 3030 5,
1190 2971 1219 3031 6;

96 3043 245 3101 Psussunu,
260 3042 290 3099 X,
307 3042 355 3101 26;
370 3042 428 3090 Tan.
447 3042 528 3101 larsa,
543 3042 607 3104 apud
620 3042 714 3103 Mnus,
731 3042 836 3092 Galeria
850 3041 971 3106 mythol„
985 3041 1023 3106 pt.
1044 3056 1080 3103 cn,
1096 3052 1125 3090 n⁰
1140 3042 1185 3091 109
1197 3045 1222 3090 et

90 3124 127 3179 n⁰
150 3113 210 3174 lll;
234 3117 312 3172 teste,
333 3112 363 3173 ll,
383 3128 406 3175 p.
422 3113 460 3164 79.
485 3140 516 3149 -
533 3112 569 3177 (ln
593 3128 651 3162 vase
675 3115 740 3176 picto
759 3114 917 3163 Vivienziano
941 3114 1006 3177 apud
1027 3114 1122 3168 Mnnru.
1145 3113 1219 3172 ibid,

96 3185 130 3248 pl.
144 3198 240 3244 essum,
256 3187 325 3234 teate
346 3196 373 3232 n⁰
387 3184 442 3244 608,
457 3184 564 3233 Aeneam
581 3185 661 3233 solum
675 3186 807 3247 fugientem
822 3200 876 3234 cum
892 3191 959 3248 patre
979 3190 1004 3234 et
1024 3185 1074 3233 utto
1090 3186 1219 3246 videmus;

94 3258 158 3305 duas
172 3268 231 3304 vero
246 3256 356 3312 laminas
373 3257 418 3304 sub
433 3256 512 3318 palma
527 3255 653 3315 dellentes,
664 3269 767 3319 quarum
782 3271 853 3305 unam
869 3271 923 3305 esse
939 3257 1055 3306 Creusam
1070 3261 1151 3318 potest
1164 3271 1221 3305 con·
1275 3260 1277 3263 '

91 3328 189 3390 jici).-
200 3326 236 3375 Ct.
245 3327 349 3375 Tzsrzau
360 3328 397 3375 od
410 3328 539 3398 Lacaena,
552 3324 601 3390 (ed.
609 3327 736 3376 Bernardo
745 3327 890 3388 Bertrando‚
899 3328 1029 3387 Basileus,
1039 3328 1108 3389 1558,
1119 3343 1143 3390 p.
1154 3327 1220 3390 338.)

95 3425 126 3436 -
150 3418 162 3443 a
184 3396 276 3446 Creusa
300 3415 311 3441 »
339 3398 404 3460 apud
430 3399 551 3446 Romanos
575 3412 709 3461 cognomen
734 3400 867 3459 usitatum;
891 3398 948 3449 ideo
971 3399 1104 3462 Vergilius,
1124 3400 1220 3460 opinor,

96 3470 214 3519 Creusam
229 3482 328 3518 uxorem
343 3469 450 3532 Aeneae,
466 3483 538 3532 quam
553 3468 712 3532 Eurydicen,
729 3470 801 3519 sicuti
820 3469 930 3519 nonnulli
952 3469 1116 3529 tradiderant,
1134 3483 1221 3518 vocare

96 3540 191 3590 maluit.

127 3612 150 3661 3.
170 3631 181 3656 «
200 3611 271 3659 Anna
288 3625 367 3670 soror,
389 3611 459 3673 cujus
480 3611 545 3660 filiae
567 3611 657 3660 luerint
675 3612 746 3660 Anna
765 3617 789 3661 et
808 3612 881 3675 Dido,
898 3612 1004 3661 Naevius
1026 3612 1094 3662 dicit.
1108 3631 1119 3654 a
1143 3612 1221 3662 Auos.

97 3683 165 3746 apud
179 3681 296 3742 Sauriam,
313 3683 338 3730 in
353 3684 418 3732 Aen.
431 3682 471 3741 IV,
486 3680 510 3730 9.

130 3755 153 3805 l.
168 3753 204 3802 De
218 3754 297 3812 Anna,
313 3754 364 3803 vid.
380 3755 457 3802 Auos.
474 3753 538 3816 apud
555 3753 672 3811 Sanvrun,
689 3756 714 3803 in
730 3756 791 3806 Aen.
809 3755 849 3817 IV,
861 3756 907 3806 682
923 3770 928 3804 ε
946 3777 957 3801 u
974 3754 1052 3804 Varro
1065 3757 1099 3804 ait
1113 3770 1160 3804 non
1175 3754 1222 3804 Di-

98 3824 198 3885 donem,
214 3822 257 3871 sed
272 3824 367 3871 Annam
380 3837 461 3872 amore
482 3824 579 3873 Aeneae
597 3825 724 3887 impulsam
745 3841 772 3874 se
793 3840 867 3889 supra
889 3841 973 3889 rogum
995 3827 1157 3876 interemisse.
1170 3845 1181 3870 a
1196 3825 1225 3874 nt

101 3894 258 3954 Scatinauia
279 3897 352 3952 Aea,
365 3894 396 3954 V,
413 3895 428 3942 l
446 3909 452 3943 z
476 3913 488 3939 ι(
505 3894 569 3944 Sane
588 3896 713 3944 sciendum
730 3897 862 3946 Varronem
881 3898 962 3945 dicere
979 3898 1085 3946 Aeneam
1104 3899 1134 3945 ab
1154 3897 1225 3944 Anna

99 3970 215 4015 amatam.
235 3983 247 4010 a
264 3964 323 4013 Cum
339 3967 384 4015 hac
400 3966 480 4014 labala
496 3966 578 4015 forsan
597 3967 767 4030 conjungenda
782 3973 819 4016 est
834 3968 913 4016 Ovrnn
934 3967 1015 4029 (Fert.
1033 3967 1135 4027 111,523
1159 3967 1224 4030 sqq.)

99 4043 124 4086 et
139 4037 196 4085 sna
206 4037 291 4085 lrsmcr
306 4035 377 4099 (Vlll,
394 4037 424 4086 50
439 4037 504 4100 sqq.)
520 4038 549 4086 de
564 4039 647 4099 Anna,
664 4039 688 4085 in
704 4038 796 4086 ltaliam
811 4038 915 4101 profuga
933 4042 957 4086 et
971 4039 1001 4086 ad
1018 4039 1123 4086 Aeneam
1138 4039 1226 4087 conlu-

101 4108 193 4171 giente,
208 4108 325 4158 narratio.
342 4106 419 4165 Quam
438 4108 537 4170 quidem
560 4109 665 4156 fabulam
682 4114 761 4157 utrum
783 4109 958 4171 excogitaverit
977 4108 1094 4171 Ovidius,
1114 4123 1144 4158 sn
1163 4109 1226 4157 anti·
1315 4101 1328 4124 ‘

100 4179 183 4243 quitus
198 4180 328 4242 acceperit,
343 4180 443 4239 neseio;
459 4178 533 4228 credo
550 4184 630 4228 tamen
651 4181 812 4243 excogitasse.
828 4181 888 4229 Num
904 4179 990 4229 Silium
1005 4179 1114 4228 Italicum
1133 4194 1180 4228 non
1196 4194 1226 4228 ex

98 4251 202 4313 antiquo
216 4252 282 4300 tonte
301 4251 365 4300 idem
383 4249 513 4299 extrahere
528 4250 635 4314 videtur¹
651 4251 695 4298 sed
715 4249 829 4300 Ovidium
849 4251 919 4313 sequi
935 4255 1045 4314 apparet,
1063 4252 1184 4314 «pressis
1202 4269 1224 4315 a,

103 4325 129 4371 ut
144 4322 198 4385 ipse
212 4322 254 4385 ait,
271 4341 283 4366 a
298 4321 415 4370 narrandi
431 4322 512 4371 metis.
529 4339 540 4364 a
