2844 4928
503 416 505 421 ‚
575 349 672 399 carm
697 351 847 400 rneriuu.
1230 331 1272 396 57

149 526 260 615 Cujus
291 534 408 594 autem
436 527 530 594 modi
559 549 680 596 sensus
701 556 716 590 α
741 527 991 610 Phoenissae»,
1016 555 1032 588 «
1054 524 1216 626 Sidoniae
1237 553 1269 609 »,

147 633 276 702 Didoni
301 635 485 701 convenire
511 635 684 722 Vergilius
709 636 895 702 arbitratus
924 641 986 701 est.
1011 633 1146 725 Quippe
1166 656 1271 724 quam

149 766 168 808 e
194 748 296 829 geute
326 743 541 808 commerciis
568 743 667 808 unice
688 742 806 809 dedita
824 747 947 825 ortam,
965 742 1109 832 pacifico
1128 747 1162 808 et
1181 763 1272 808 mer-

149 850 258 915 catori
282 849 413 939 populo
433 849 682 939 imperantem,
704 855 848 940 nuptam
869 849 952 915 olim
972 849 1046 915 viro
1066 849 1126 938 qui
1146 848 1272 938 etipse

148 956 306 1046 proiecto
326 954 424 1022 dives
444 957 701 1043 negotiatiouc¹
720 957 830 1023 lactus
849 957 982 1039 luisset,
996 954 1080 1045 quid
1099 957 1225 1021 mirum
1245 956 1275 1022 si

151 1069 331 1129 strenuum
360 1062 459 1128 illum
486 1064 571 1130 tanti
596 1064 816 1154 superstitem
844 1063 928 1129 belli
951 1063 1094 1129 militem
1122 1061 1275 1128 inhiet²l
1359 1084 1363 1091 ’

152 1168 246 1251 Quid
264 1170 312 1251 si,
335 1170 380 1237 ad
401 1171 601 1261 superbiam
626 1175 745 1261 utpote
779 1192 867 1261 quae
893 1171 951 1254 sit,
978 1170 1163 1236 mulierum
1186 1170 1271 1253 ritu,

148 1276 327 1366 proclivis,
351 1298 392 1343 eo
407 1299 546 1366 quoque
567 1278 824 1367 permulceatur
843 1277 937 1367 quod
950 1277 1095 1344 Veneris
1116 1276 1273 1343 subolem

149 1388 242 1449 tecto
262 1384 459 1473 exceperit?
480 1385 544 1451 Tot
563 1384 709 1466 attalia,
731 1384 767 1450 ni
785 1383 899 1466 fallor,
912 1384 971 1450 ille
990 1385 1080 1450 inter
1098 1384 1183 1450 alios
1204 1405 1274 1449 am·

149 1489 315 1580 plectitur
334 1512 455 1558 versus
476 1513 484 1560 ε

278 1686 350 1750 Quis
363 1701 448 1738 crocus
458 1688 469 1722 ³
481 1687 529 1740 his
542 1689 643 1738 nostris
655 1689 798 1740 successit
811 1688 915 1739 sedens
929 1687 1041 1752 hospes?

149 1859 214 1926 His
239 1859 355 1926 verbis
374 1860 499 1926 leviter
517 1865 680 1946 tangere,
703 1859 866 1947 decenter
885 1860 1077 1950 exprimere
1099 1858 1273 1948 Vergilius

149 1966 238 2033 mihi
256 1965 394 2052 vitietur
419 1966 508 2033 illud
530 1966 699 2034 mirabilis
725 1967 894 2056 cujusque
914 1968 965 2034 rei
985 1967 1157 2052 studium,
1178 1968 1274 2034 illam

149 2074 370 2140 insolitorum
406 2073 626 2163 aviditatem,
655 2074 833 2146 fastidium
866 2074 1017 2165 denique
1048 2075 1134 2141 illud
1163 2075 1275 2166 quoti-

150 2181 276 2248 dianae
299 2182 391 2248 vitae
418 2188 729 2272 consuetarumque
749 2183 1066 2266 conversationum,
1088 2205 1177 2272 quae
1197 2182 1274 2273 qui-

151 2288 235 2356 dem
254 2288 349 2378 apud
375 2292 531 2356 recentes
554 2289 714 2356 fictarum
739 2291 975 2358 narrationum
1001 2290 1057 2357 vel
1082 2290 1275 2358 comoedia·

151 2419 230 2463 rum
253 2398 436 2487 scriptores
456 2419 525 2463 uuo
545 2397 696 2488 quodam
716 2397 842 2486 gallico
856 2399 964 2465 verbo
985 2398 1176 2484 significata
1195 2421 1275 2465 con-

150 2504 306 2591 tinentur
336 2525 343 2573 :
376 2527 444 2593 quo
483 2504 624 2596 quidem
657 2506 707 2572 uti
736 2507 850 2597 potius
883 2506 1000 2573 malim
1032 2529 1136 2596 quam
1168 2507 1274 2594 longo

150 2612 424 2702 impropriorum
444 2613 629 2680 verborum
649 2614 794 2682 circuitu
814 2635 889 2680 rem
909 2614 1094 2681 obscurare
1106 2612 1129 2682 ⁴.

681 2863 746 2933 Vll

355 3077 433 3130 oum
457 3075 607 3119 alenam
629 3047 741 3119 annae
765 3075 911 3120 consum
934 3075 1083 3121 nonaum

197 3239 382 3330 Proprium
403 3246 519 3306 autem
538 3240 625 3306 illud
644 3263 782 3330 quoquc
803 3239 1023 3327 Vergilianae
1043 3240 1185 3312 Didonis
1208 3247 1270 3327 est,

151 3346 247 3437 quod
277 3369 475 3437 quanquam
505 3349 608 3413 tantis
637 3354 671 3413 et
697 3349 814 3414 oculos
842 3354 876 3414 et
903 3351 1055 3415 animum
1085 3350 1272 3416 sollicitau-

183 3542 207 3590 1.
223 3543 298 3600 Aen,
320 3542 343 3602 1,
364 3542 411 3590 343
426 3557 432 3591 :
448 3543 510 3591 Huic
530 3545 617 3606 conjux
633 3543 757 3608 Sychaeus
775 3549 839 3603 crat,
861 3544 998 3593 ditissimus
1019 3545 1080 3609 apri
1094 3544 1273 3596 Phoenicum...

149 3612 217 3662 Haec
237 3613 336 3678 vulgata
356 3615 428 3662 lectio
448 3615 529 3677 (quam
545 3615 671 3676 Wacusa,
691 3616 817 3674 Liuswro,
838 3616 948 3674 Berressa,
972 3615 1272 3677 Centauros-Namusam,

150 3685 287 3747 recipiunt,
303 3686 365 3734 iuter
382 3687 557 3748 recentioresl3
573 3691 639 3735 recte
654 3692 733 3736 tamen
754 3687 812 3734 mihi
828 3687 949 3749 conjicere
963 3688 1077 3735 videntur
1092 3687 1164 3746 Huer,
1182 3688 1273 3748 Herae,

149 3755 296 3805 Pannonian
306 3760 330 3805 et
341 3756 457 3805 Rrenecu:
469 3758 606 3806 ditissimus
615 3773 681 3807 occro
692 3759 848 3809 Phoenicum.
858 3747 933 3806 -Cl
946 3758 1057 3819 Hreeecu,
1066 3755 1179 3823 Proleq,
1186 3759 1273 3822 [1,364,

148 3827 191 3890 qui
206 3841 294 3876 versus
308 3829 382 3887 Aen,
398 3829 416 3889 l,
432 3829 486 3888 349,
503 3829 549 3878 358
564 3845 629 3892 sqq.,
644 3830 691 3879 361
705 3831 808 3878 confert.

179 3897 203 3948 2.
220 3898 256 3950 Cl.
274 3900 297 3947 in
311 3898 352 3959 IV,
369 3899 424 3960 alr,
440 3901 563 3949 Renoua:
584 3923 595 3946 «
612 3901 636 3949 ll
650 3905 688 3950 cst
703 3900 899 3950 croisemblohle
914 3915 965 3965 que
983 3899 1070 3949 Didon
1086 3915 1102 3949 c
1117 3901 1274 3951 demandari

147 3970 218 4019 Eece
233 3984 385 4019 commo-un
403 3970 523 4021 seuvino
538 3973 570 4021 dc
590 3988 632 4021 scs
649 3971 762 4036 eicploits
782 3975 809 4020 et
829 3988 864 4021 cca
883 3987 949 4037 pope
966 3970 1088 4021 d'omour
1108 3972 1187 4036 l'epee
1209 3970 1275 4037 qu'il

144 4042 250 4106 portati
264 4055 325 4092 avec
335 4041 382 4094 lui.
401 4062 412 4085 n
425 4071 456 4079 -
471 4042 513 4091 llle
527 4048 606 4092 tamen
619 4045 687 4092 locus
702 4045 822 4107 quomodo
837 4048 955 4106 congruat
969 4057 1022 4091 cum
1037 4042 1077 4102 lV,
1089 4043 1144 4103 507,
1156 4059 1202 4092 nou
1214 4046 1274 4092 satis

147 4113 280 4176 perspicuo
304 4115 392 4176 liquet,
415 4115 509 4163 tametsi
530 4117 646 4174 Baucisr,
667 4129 770 4178 quocum
789 4119 895 4164 ceterum
918 4116 1038 4163 consentit
1060 4114 1192 4174 Foaeronc,
1208 4121 1273 4164 recte

146 4185 216 4233 illum
229 4184 379 4237 intellexisse
394 4186 453 4233 mihi
469 4187 589 4237 videatur.
606 4187 642 4235 Cl.
657 4187 708 4234 Su.
728 4186 800 4246 lma,
813 4186 874 4246 Vlll,
891 4186 944 4235 148.

179 4254 205 4306 3.
216 4275 228 4301 o
240 4256 374 4308 Nouvecn,
383 4255 476 4305 c.-o-d.
487 4257 614 4320 different
627 4257 672 4307 dcc
682 4256 755 4306 holca
764 4257 923 4317 ordinaires,
934 4257 1104 4323 remurquchl
1120 4298 1126 4310 .
1140 4279 1151 4303 »
1163 4259 1272 4310 Banorsr.

180 4328 204 4379 l.
223 4347 236 4374 a
254 4328 471 4394 Romanasque.»
489 4328 557 4386 Quod
583 4331 680 4392 quidem
697 4331 813 4390 verbum,
835 4330 874 4378 vel
899 4330 956 4378 huic
979 4330 1130 4394 consimilia,
1155 4337 1274 4394 usurpant

147 4400 260 4449 nonnulli
275 4401 355 4449 critici
378 4402 504 4463 (l'nurrcu,
526 4401 652 4460 l'onnrcsa,
674 4400 819 4464 Coamoros)
839 4407 864 4450 ut
879 4404 1005 4466 proprium
1026 4416 1102 4466 genus
1120 4402 1272 4466 Vergiliauac

147 4473 299 4521 inventionis
315 4472 441 4521 definiant.
1168 4539 1181 4580 ὅ
