<?xml version="1.0" encoding="UTF-8"?>
<!DOCTYPE html PUBLIC "-//W3C//DTD XHTML 1.0 Transitional//EN"
    "http://www.w3.org/TR/xhtml1/DTD/xhtml1-transitional.dtd">
<html xmlns="http://www.w3.org/1999/xhtml" xml:lang="en" lang="en">
 <head>
  <title>
</title>
<meta http-equiv="Content-Type" content="text/html;charset=utf-8" />
  <meta name='ocr-system' content='tesseract 3.04.00' />
  <meta name='ocr-capabilities' content='ocr_page ocr_carea ocr_par ocr_line ocrx_word'/>
</head>
<body>
  <div class='ocr_page' id='page_1' title='image "./devergilioininf00rbgoog_0174.png"; bbox 0 0 2844 4928; ppageno 0'>
   <div class='ocr_carea' id='block_1_1' title="bbox 516 288 1203 379">
    <p class='ocr_par' dir='ltr' id='par_1_1' title="bbox 516 288 1203 379">
     <span class='ocr_line' id='line_1_1' title="bbox 516 288 1203 379; baseline -0.007 -19"><span class='ocrx_word' id='word_1_1' title='bbox 516 313 614 360; x_wconf 72' lang='lat' dir='ltr'><strong>carur</strong></span> <span class='ocrx_word' id='word_1_2' title='bbox 638 310 772 359; x_wconf 85' lang='lat' dir='ltr'><strong>snxrun.</strong></span> <span class='ocrx_word' id='word_1_3' title='bbox 1143 288 1203 379; x_wconf 73' lang='lat'><strong>151</strong></span> 
     </span>
    </p>
   </div>
   <div class='ocr_carea' id='block_1_2' title="bbox 26 485 1217 3896">
    <p class='ocr_par' dir='ltr' id='par_1_2' title="bbox 82 485 1217 2074">
     <span class='ocr_line' id='line_1_2' title="bbox 82 485 1208 578; baseline -0.003 -23"><span class='ocrx_word' id='word_1_4' title='bbox 82 489 215 555; x_wconf 92' lang='lat' dir='ltr'><strong>invisus</strong></span> <span class='ocrx_word' id='word_1_5' title='bbox 241 488 369 554; x_wconf 87' lang='lat' dir='ltr'><strong>invitae</strong></span> <span class='ocrx_word' id='word_1_6' title='bbox 398 488 534 578; x_wconf 89' lang='lat' dir='ltr'><strong>puellae</strong></span> <span class='ocrx_word' id='word_1_7' title='bbox 559 494 678 578; x_wconf 91' lang='lat' dir='ltr'><strong>raptor</strong></span> <span class='ocrx_word' id='word_1_8' title='bbox 705 488 827 556; x_wconf 90' lang='lat' dir='ltr'><strong>lectori</strong></span> <span class='ocrx_word' id='word_1_9' title='bbox 846 491 1037 578; x_wconf 90' lang='lat' dir='ltr'><strong>reputetur.</strong></span> <span class='ocrx_word' id='word_1_10' title='bbox 1059 485 1109 553; x_wconf 86' lang='lat' dir='ltr'><strong>Ea</strong></span> <span class='ocrx_word' id='word_1_11' title='bbox 1128 508 1208 552; x_wconf 91' lang='lat' dir='ltr'><strong>con-</strong></span> 
     </span>
     <span class='ocr_line' id='line_1_3' title="bbox 84 593 1208 684; baseline -0.002 -22"><span class='ocrx_word' id='word_1_12' title='bbox 84 601 139 662; x_wconf 90' lang='lat' dir='ltr'><strong>tra</strong></span> <span class='ocrx_word' id='word_1_13' title='bbox 174 595 343 665; x_wconf 89' lang='lat' dir='ltr'><strong>industria</strong></span> <span class='ocrx_word' id='word_1_14' title='bbox 367 595 543 682; x_wconf 82' lang='lat' dir='ltr'><strong>Vergilius</strong></span> <span class='ocrx_word' id='word_1_15' title='bbox 572 596 680 663; x_wconf 88' lang='lat' dir='ltr'><strong>verba</strong></span> <span class='ocrx_word' id='word_1_16' title='bbox 704 617 766 663; x_wconf 89' lang='lat' dir='ltr'><strong>sua</strong></span> <span class='ocrx_word' id='word_1_17' title='bbox 795 600 828 663; x_wconf 92' lang='lat' dir='ltr'><strong>et</strong></span> <span class='ocrx_word' id='word_1_18' title='bbox 850 594 955 681; x_wconf 84' lang='lat' dir='ltr'><strong>elegit</strong></span> <span class='ocrx_word' id='word_1_19' title='bbox 980 599 1015 660; x_wconf 93' lang='lat' dir='ltr'><strong>et</strong></span> <span class='ocrx_word' id='word_1_20' title='bbox 1037 593 1208 684; x_wconf 82' lang='lat' dir='ltr'><strong>disposuit</strong></span> 
     </span>
     <span class='ocr_line' id='line_1_4' title="bbox 85 699 1207 792; baseline -0.004 -23"><span class='ocrx_word' id='word_1_21' title='bbox 85 708 120 769; x_wconf 90' lang='lat' dir='ltr'><strong>et</strong></span> <span class='ocrx_word' id='word_1_22' title='bbox 138 704 238 792; x_wconf 84' lang='lat' dir='ltr'>quasi</span> <span class='ocrx_word' id='word_1_23' title='bbox 264 704 472 792; x_wconf 80' lang='lat' dir='ltr'>temperavit</span> <span class='ocrx_word' id='word_1_24' title='bbox 499 709 537 770; x_wconf 96' lang='lat' dir='ltr'><strong>ut</strong></span> <span class='ocrx_word' id='word_1_25' title='bbox 555 703 700 770; x_wconf 89' lang='lat' dir='ltr'><strong>Lavinia</strong></span> <span class='ocrx_word' id='word_1_26' title='bbox 718 704 753 769; x_wconf 92' lang='lat' dir='ltr'><strong>in</strong></span> <span class='ocrx_word' id='word_1_27' title='bbox 777 704 931 770; x_wconf 80' lang='lat' dir='ltr'><strong>Aeneam</strong></span> <span class='ocrx_word' id='word_1_28' title='bbox 956 724 1000 767; x_wconf 91' lang='lat' dir='ltr'><strong>ne</strong></span> <span class='ocrx_word' id='word_1_29' title='bbox 1030 699 1207 766; x_wconf 80' lang='lat' dir='ltr'><strong>minimam</strong></span> 
     </span>
     <span class='ocr_line' id='line_1_5' title="bbox 84 807 1217 901; baseline -0.004 -25"><span class='ocrx_word' id='word_1_30' title='bbox 84 809 227 900; x_wconf 91' lang='lat' dir='ltr'><strong>quidem</strong></span> <span class='ocrx_word' id='word_1_31' title='bbox 246 810 317 876; x_wconf 90' lang='lat' dir='ltr'><strong>odii</strong></span> <span class='ocrx_word' id='word_1_32' title='bbox 336 812 488 900; x_wconf 91' lang='lat' dir='ltr'><strong>speciem</strong></span> <span class='ocrx_word' id='word_1_33' title='bbox 509 833 592 901; x_wconf 91' lang='lat' dir='ltr'><strong>prae</strong></span> <span class='ocrx_word' id='word_1_34' title='bbox 614 832 650 876; x_wconf 88' lang='lat' dir='ltr'><strong>se</strong></span> <span class='ocrx_word' id='word_1_35' title='bbox 669 811 792 893; x_wconf 88' lang='lat' dir='ltr'><strong>ferret,</strong></span> <span class='ocrx_word' id='word_1_36' title='bbox 819 831 987 897; x_wconf 90' lang='lat' dir='ltr'><strong>suamque</strong></span> <span class='ocrx_word' id='word_1_37' title='bbox 1019 828 1103 894; x_wconf 85' lang='lat' dir='ltr'><strong>erga</strong></span> <span class='ocrx_word' id='word_1_38' title='bbox 1122 807 1217 874; x_wconf 75' lang='lat' dir='ltr'><strong>Tur-&#39;</strong></span> 
     </span>
     <span class='ocr_line' id='line_1_6' title="bbox 83 913 1206 1006; baseline -0.004 -24"><span class='ocrx_word' id='word_1_39' title='bbox 83 939 166 982; x_wconf 93' lang='lat' dir='ltr'><strong>num</strong></span> <span class='ocrx_word' id='word_1_40' title='bbox 187 916 485 984; x_wconf 91' lang='lat' dir='ltr'><strong>benevolentiam¹</strong></span> <span class='ocrx_word' id='word_1_41' title='bbox 507 919 654 984; x_wconf 83' lang='lat' dir='ltr'><strong>maxime</strong></span> <span class='ocrx_word' id='word_1_42' title='bbox 675 918 937 1006; x_wconf 87' lang='lat' dir='ltr'><strong>circumspecta,</strong></span> <span class='ocrx_word' id='word_1_43' title='bbox 961 919 1132 1002; x_wconf 89' lang='lat' dir='ltr'><strong>tectaque,</strong></span> <span class='ocrx_word' id='word_1_44' title='bbox 1151 913 1206 979; x_wconf 92' lang='lat' dir='ltr'><strong>vel</strong></span> 
     </span>
     <span class='ocr_line' id='line_1_7' title="bbox 84 1021 1208 1115; baseline -0.003 -26"><span class='ocrx_word' id='word_1_45' title='bbox 84 1025 203 1107; x_wconf 88' lang='lat' dir='ltr'><strong>etiam,</strong></span> <span class='ocrx_word' id='word_1_46' title='bbox 227 1029 264 1091; x_wconf 92' lang='lat' dir='ltr'><strong>ut</strong></span> <span class='ocrx_word' id='word_1_47' title='bbox 291 1025 461 1107; x_wconf 91' lang='lat' dir='ltr'><strong>vidimus,</strong></span> <span class='ocrx_word' id='word_1_48' title='bbox 483 1025 626 1115; x_wconf 91' lang='lat' dir='ltr'><strong>paulum</strong></span> <span class='ocrx_word' id='word_1_49' title='bbox 655 1024 822 1112; x_wconf 82' lang='lat' dir='ltr'><strong>ambigua</strong></span> <span class='ocrx_word' id='word_1_50' title='bbox 848 1022 1064 1089; x_wconf 90' lang='lat' dir='ltr'><strong>confessione</strong></span> <span class='ocrx_word' id='word_1_51' title='bbox 1084 1021 1208 1088; x_wconf 87' lang='lat' dir='ltr'><strong>leviter</strong></span> 
     </span>
     <span class='ocr_line' id='line_1_8' title="bbox 83 1131 1208 1221; baseline -0.004 -23"><span class='ocrx_word' id='word_1_52' title='bbox 83 1132 323 1198; x_wconf 92' lang='lat' dir='ltr'><strong>tantummodo</strong></span> <span class='ocrx_word' id='word_1_53' title='bbox 356 1132 512 1219; x_wconf 82' lang='lat' dir='ltr'><strong>detegat,</strong></span> <span class='ocrx_word' id='word_1_54' title='bbox 553 1137 588 1198; x_wconf 92' lang='lat' dir='ltr'><strong>et</strong></span> <span class='ocrx_word' id='word_1_55' title='bbox 620 1131 816 1199; x_wconf 80' lang='lat' dir='ltr'><strong>subindicat</strong></span> <span class='ocrx_word' id='word_1_56' title='bbox 847 1131 963 1221; x_wconf 89' lang='lat' dir='ltr'><strong>potius</strong></span> <span class='ocrx_word' id='word_1_57' title='bbox 993 1150 1097 1218; x_wconf 89' lang='lat' dir='ltr'><strong>quarn</strong></span> <span class='ocrx_word' id='word_1_58' title='bbox 1127 1151 1208 1194; x_wconf 89' lang='lat' dir='ltr'><strong>vere</strong></span> 
     </span>
     <span class='ocr_line' id='line_1_9' title="bbox 83 1235 1206 1329; baseline -0.001 -26"><span class='ocrx_word' id='word_1_59' title='bbox 83 1237 244 1304; x_wconf 87' lang='lat' dir='ltr'><strong>fateatur.</strong></span> <span class='ocrx_word' id='word_1_60' title='bbox 271 1237 337 1305; x_wconf 92' lang='lat' dir='ltr'><strong>Dat</strong></span> <span class='ocrx_word' id='word_1_61' title='bbox 360 1239 467 1324; x_wconf 79' lang='lat' dir='ltr'><strong>igitur</strong></span> <span class='ocrx_word' id='word_1_62' title='bbox 490 1240 591 1307; x_wconf 89' lang='lat' dir='ltr'><strong>nobis</strong></span> <span class='ocrx_word' id='word_1_63' title='bbox 610 1244 714 1329; x_wconf 90' lang='lat' dir='ltr'><strong>poeta</strong></span> <span class='ocrx_word' id='word_1_64' title='bbox 734 1259 854 1304; x_wconf 90' lang='lat' dir='ltr'><strong>ansam</strong></span> <span class='ocrx_word' id='word_1_65' title='bbox 874 1237 920 1303; x_wconf 90' lang='lat' dir='ltr'><strong>ad</strong></span> <span class='ocrx_word' id='word_1_66' title='bbox 938 1235 1206 1323; x_wconf 81' lang='lat' dir='ltr'><strong>conjiciendum,</strong></span> 
     </span>
     <span class='ocr_line' id='line_1_10' title="bbox 83 1342 1210 1431; baseline -0.001 -21"><span class='ocrx_word' id='word_1_67' title='bbox 83 1345 179 1410; x_wconf 90' lang='lat' dir='ltr'><strong>illam</strong></span> <span class='ocrx_word' id='word_1_68' title='bbox 208 1344 320 1412; x_wconf 91' lang='lat' dir='ltr'><strong>Latini</strong></span> <span class='ocrx_word' id='word_1_69' title='bbox 350 1346 440 1412; x_wconf 85' lang='lat' dir='ltr'><strong>filiae</strong></span> <span class='ocrx_word' id='word_1_70' title='bbox 462 1347 505 1414; x_wconf 85' lang='lat' dir='ltr'><strong>in</strong></span> <span class='ocrx_word' id='word_1_71' title='bbox 543 1346 751 1413; x_wconf 82' lang='lat' dir='ltr'><strong>Rutulorum</strong></span> <span class='ocrx_word' id='word_1_72' title='bbox 780 1365 901 1431; x_wconf 81' lang='lat' dir='ltr'><strong>regem</strong></span> <span class='ocrx_word' id='word_1_73' title='bbox 929 1342 1210 1410; x_wconf 79' lang='lat' dir='ltr'><strong>benevolentiam</strong></span> 
     </span>
     <span class='ocr_line' id='line_1_11' title="bbox 83 1449 1210 1542; baseline 0 -26"><span class='ocrx_word' id='word_1_74' title='bbox 83 1452 222 1517; x_wconf 91' lang='lat' dir='ltr'><strong>nonnisi</strong></span> <span class='ocrx_word' id='word_1_75' title='bbox 240 1452 353 1519; x_wconf 89' lang='lat' dir='ltr'><strong>levem</strong></span> <span class='ocrx_word' id='word_1_76' title='bbox 374 1476 449 1520; x_wconf 89' lang='lat' dir='ltr'><strong>esse</strong></span> <span class='ocrx_word' id='word_1_77' title='bbox 469 1459 678 1542; x_wconf 81' lang='lat' dir='ltr'><strong>tenuemque</strong></span> <span class='ocrx_word' id='word_1_78' title='bbox 700 1461 733 1519; x_wconf 92' lang='lat' dir='ltr'><strong>et</strong></span> <span class='ocrx_word' id='word_1_79' title='bbox 758 1453 813 1519; x_wconf 91' lang='lat' dir='ltr'><strong>vix</strong></span> <span class='ocrx_word' id='word_1_80' title='bbox 839 1450 1039 1518; x_wconf 89' lang='lat' dir='ltr'><strong>inchoatum</strong></span> <span class='ocrx_word' id='word_1_81' title='bbox 1060 1449 1210 1538; x_wconf 87' lang='lat' dir='ltr'><strong>junioris</strong></span> 
     </span>
     <span class='ocr_line' id='line_1_12' title="bbox 84 1556 1210 1650; baseline -0.002 -26"><span class='ocrx_word' id='word_1_82' title='bbox 84 1558 191 1624; x_wconf 90' lang='lat' dir='ltr'><strong>animi</strong></span> <span class='ocrx_word' id='word_1_83' title='bbox 210 1561 331 1648; x_wconf 90' lang='lat' dir='ltr'><strong>suique</strong></span> <span class='ocrx_word' id='word_1_84' title='bbox 351 1561 461 1650; x_wconf 91' lang='lat' dir='ltr'><strong>ipsius</strong></span> <span class='ocrx_word' id='word_1_85' title='bbox 479 1561 579 1627; x_wconf 89' lang='lat' dir='ltr'><strong>inscii</strong></span> <span class='ocrx_word' id='word_1_86' title='bbox 600 1560 785 1643; x_wconf 87' lang='lat' dir='ltr'><strong>adfectum,</strong></span> <span class='ocrx_word' id='word_1_87' title='bbox 799 1560 859 1649; x_wconf 92' lang='lat' dir='ltr'><strong>qui</strong></span> <span class='ocrx_word' id='word_1_88' title='bbox 878 1556 1020 1649; x_wconf 91' lang='lat' dir='ltr'><strong>quidem</strong></span> <span class='ocrx_word' id='word_1_89' title='bbox 1035 1556 1210 1623; x_wconf 85' lang='lat' dir='ltr'><strong>radicibus</strong></span> 
     </span>
     <span class='ocr_line' id='line_1_13' title="bbox 84 1663 1212 1757; baseline -0.002 -26"><span class='ocrx_word' id='word_1_90' title='bbox 84 1688 153 1731; x_wconf 92' lang='lat' dir='ltr'><strong>non</strong></span> <span class='ocrx_word' id='word_1_91' title='bbox 173 1666 275 1733; x_wconf 91' lang='lat' dir='ltr'><strong>altius</strong></span> <span class='ocrx_word' id='word_1_92' title='bbox 302 1669 387 1734; x_wconf 87' lang='lat' dir='ltr'><strong>actis</strong></span> <span class='ocrx_word' id='word_1_93' title='bbox 408 1666 506 1734; x_wconf 89' lang='lat' dir='ltr'><strong>brevi</strong></span> <span class='ocrx_word' id='word_1_94' title='bbox 535 1667 733 1757; x_wconf 88' lang='lat' dir='ltr'><strong>dilapsurus</strong></span> <span class='ocrx_word' id='word_1_95' title='bbox 766 1667 826 1748; x_wconf 89' lang='lat' dir='ltr'><strong>sit,</strong></span> <span class='ocrx_word' id='word_1_96' title='bbox 852 1671 1038 1756; x_wconf 88' lang='lat' dir='ltr'><strong>postquam</strong></span> <span class='ocrx_word' id='word_1_97' title='bbox 1065 1663 1212 1730; x_wconf 86' lang='lat' dir='ltr'><strong>Lavinia</strong></span> 
     </span>
     <span class='ocr_line' id='line_1_14' title="bbox 83 1773 1208 1865; baseline -0.001 -28"><span class='ocrx_word' id='word_1_98' title='bbox 83 1773 222 1839; x_wconf 89' lang='lat' dir='ltr'><strong>victoris</strong></span> <span class='ocrx_word' id='word_1_99' title='bbox 245 1774 373 1858; x_wconf 84' lang='lat' dir='ltr'><strong>herois,</strong></span> <span class='ocrx_word' id='word_1_100' title='bbox 393 1775 587 1865; x_wconf 83' lang='lat' dir='ltr'><strong>illustrique</strong></span> <span class='ocrx_word' id='word_1_101' title='bbox 608 1779 642 1840; x_wconf 92' lang='lat' dir='ltr'><strong>et</strong></span> <span class='ocrx_word' id='word_1_102' title='bbox 662 1795 773 1864; x_wconf 91' lang='lat' dir='ltr'><strong>paene</strong></span> <span class='ocrx_word' id='word_1_103' title='bbox 795 1773 912 1840; x_wconf 88' lang='lat' dir='ltr'><strong>divina</strong></span> <span class='ocrx_word' id='word_1_104' title='bbox 929 1773 1042 1859; x_wconf 81' lang='lat' dir='ltr'><strong>gloria</strong></span> <span class='ocrx_word' id='word_1_105' title='bbox 1062 1773 1208 1837; x_wconf 88' lang='lat' dir='ltr'><strong>circum-</strong></span> 
     </span>
     <span class='ocr_line' id='line_1_15' title="bbox 84 1877 1212 1971; baseline -0.001 -26"><span class='ocrx_word' id='word_1_106' title='bbox 84 1877 169 1963; x_wconf 91' lang='lat' dir='ltr'><strong>fusi,</strong></span> <span class='ocrx_word' id='word_1_107' title='bbox 192 1881 355 1970; x_wconf 83' lang='lat' dir='ltr'><strong>regisque</strong></span> <span class='ocrx_word' id='word_1_108' title='bbox 375 1903 394 1946; x_wconf 93' lang='lat' dir='ltr'><strong>e</strong></span> <span class='ocrx_word' id='word_1_109' title='bbox 414 1906 430 1942; x_wconf 92' lang='lat'>«</span> <span class='ocrx_word' id='word_1_110' title='bbox 457 1880 632 1971; x_wconf 82' lang='lat' dir='ltr'><strong>praedone</strong></span> <span class='ocrx_word' id='word_1_111' title='bbox 659 1907 675 1942; x_wconf 83' lang='lat' dir='ltr'><strong>n</strong></span> <span class='ocrx_word' id='word_1_112' title='bbox 706 1887 740 1946; x_wconf 90' lang='lat' dir='ltr'><strong>et</strong></span> <span class='ocrx_word' id='word_1_113' title='bbox 768 1879 885 1947; x_wconf 88' lang='lat' dir='ltr'><strong>exsule</strong></span> <span class='ocrx_word' id='word_1_114' title='bbox 912 1879 1010 1962; x_wconf 86' lang='lat' dir='ltr'><strong>faeti,</strong></span> <span class='ocrx_word' id='word_1_115' title='bbox 1041 1877 1212 1945; x_wconf 90' lang='lat' dir='ltr'><strong>honestis-</strong></span> 
     </span>
     <span class='ocr_line' id='line_1_16' title="bbox 86 1986 573 2074; baseline 0.004 -23"><span class='ocrx_word' id='word_1_116' title='bbox 86 1987 173 2052; x_wconf 91' lang='lat' dir='ltr'><strong>simo</strong></span> <span class='ocrx_word' id='word_1_117' title='bbox 195 1986 356 2074; x_wconf 82' lang='lat' dir='ltr'><strong>conjugio</strong></span> <span class='ocrx_word' id='word_1_118' title='bbox 376 1987 573 2055; x_wconf 89' lang='lat' dir='ltr'><strong>laetabitur.</strong></span> 
     </span>
    </p>

    <p class='ocr_par' dir='ltr' id='par_1_3' title="bbox 26 2092 1209 3228">
     <span class='ocr_line' id='line_1_17' title="bbox 129 2092 1209 2184; baseline 0 -25"><span class='ocrx_word' id='word_1_119' title='bbox 129 2094 291 2160; x_wconf 85' lang='lat' dir='ltr'><strong>Attamen</strong></span> <span class='ocrx_word' id='word_1_120' title='bbox 311 2094 449 2161; x_wconf 82' lang='lat' dir='ltr'><strong>Aeneae</strong></span> <span class='ocrx_word' id='word_1_121' title='bbox 468 2094 610 2184; x_wconf 88' lang='lat' dir='ltr'><strong>quidem</strong></span> <span class='ocrx_word' id='word_1_122' title='bbox 625 2095 808 2161; x_wconf 84' lang='lat' dir='ltr'><strong>utilitatem</strong></span> <span class='ocrx_word' id='word_1_123' title='bbox 819 2098 853 2160; x_wconf 93' lang='lat' dir='ltr'><strong>et</strong></span> <span class='ocrx_word' id='word_1_124' title='bbox 865 2092 1020 2158; x_wconf 91' lang='lat' dir='ltr'><strong>omnium</strong></span> <span class='ocrx_word' id='word_1_125' title='bbox 1040 2092 1209 2182; x_wconf 90' lang='lat' dir='ltr'><strong>poematis</strong></span> 
     </span>
     <span class='ocr_line' id='line_1_18' title="bbox 85 2201 1209 2291; baseline 0 -25"><span class='ocrx_word' id='word_1_126' title='bbox 85 2201 238 2289; x_wconf 89' lang='lat' dir='ltr'><strong>partium</strong></span> <span class='ocrx_word' id='word_1_127' title='bbox 264 2201 363 2290; x_wconf 88' lang='lat' dir='ltr'><strong>quasi</strong></span> <span class='ocrx_word' id='word_1_128' title='bbox 392 2201 612 2269; x_wconf 88' lang='lat' dir='ltr'><strong>concordiam</strong></span> <span class='ocrx_word' id='word_1_129' title='bbox 634 2210 667 2269; x_wconf 90' lang='lat' dir='ltr'><strong>et</strong></span> <span class='ocrx_word' id='word_1_130' title='bbox 693 2201 984 2291; x_wconf 85' lang='lat' dir='ltr'><strong>conspirationem</strong></span> <span class='ocrx_word' id='word_1_131' title='bbox 1011 2201 1209 2289; x_wconf 87' lang='lat' dir='ltr'><strong>respicienti</strong></span> 
     </span>
     <span class='ocr_line' id='line_1_19' title="bbox 85 2305 1209 2397; baseline 0.001 -26"><span class='ocrx_word' id='word_1_132' title='bbox 85 2305 197 2372; x_wconf 88' lang='lat' dir='ltr'><strong>videri</strong></span> <span class='ocrx_word' id='word_1_133' title='bbox 215 2312 345 2397; x_wconf 89' lang='lat' dir='ltr'><strong>potest,</strong></span> <span class='ocrx_word' id='word_1_134' title='bbox 373 2309 538 2393; x_wconf 89' lang='lat' dir='ltr'><strong>concedo,</strong></span> <span class='ocrx_word' id='word_1_135' title='bbox 561 2310 684 2376; x_wconf 91' lang='lat' dir='ltr'><strong>melius</strong></span> <span class='ocrx_word' id='word_1_136' title='bbox 712 2309 868 2374; x_wconf 91' lang='lat' dir='ltr'><strong>futurum</strong></span> <span class='ocrx_word' id='word_1_137' title='bbox 895 2307 1002 2372; x_wconf 91' lang='lat' dir='ltr'><strong>fuisse</strong></span> <span class='ocrx_word' id='word_1_138' title='bbox 1023 2307 1052 2374; x_wconf 96' lang='lat' dir='ltr'><strong>si</strong></span> <span class='ocrx_word' id='word_1_139' title='bbox 1073 2307 1209 2373; x_wconf 92' lang='lat' dir='ltr'><strong>nullum</strong></span> 
     </span>
     <span class='ocr_line' id='line_1_20' title="bbox 86 2412 1208 2484; baseline 0.003 -7"><span class='ocrx_word' id='word_1_140' title='bbox 86 2413 224 2484; x_wconf 89' lang='lat' dir='ltr'><strong>omnino</strong></span> <span class='ocrx_word' id='word_1_141' title='bbox 263 2422 475 2482; x_wconf 82' lang='lat' dir='ltr'><strong>secretorum</strong></span> <span class='ocrx_word' id='word_1_142' title='bbox 511 2416 673 2483; x_wconf 87' lang='lat' dir='ltr'><strong>Laviniae</strong></span> <span class='ocrx_word' id='word_1_143' title='bbox 707 2436 869 2482; x_wconf 89' lang='lat' dir='ltr'><strong>sensuum</strong></span> <span class='ocrx_word' id='word_1_144' title='bbox 905 2412 1070 2480; x_wconf 84' lang='lat' dir='ltr'><strong>traditum</strong></span> <span class='ocrx_word' id='word_1_145' title='bbox 1108 2413 1208 2480; x_wconf 86' lang='lat' dir='ltr'><strong>nobis</strong></span> 
     </span>
     <span class='ocr_line' id='line_1_21' title="bbox 84 2518 1208 2613; baseline 0.002 -29"><span class='ocrx_word' id='word_1_146' title='bbox 84 2518 207 2586; x_wconf 88' lang='lat' dir='ltr'><strong>fuisset</strong></span> <span class='ocrx_word' id='word_1_147' title='bbox 220 2521 402 2605; x_wconf 91' lang='lat' dir='ltr'><strong>indicium,</strong></span> <span class='ocrx_word' id='word_1_148' title='bbox 426 2522 687 2613; x_wconf 88' lang='lat' dir='ltr'><strong>disceptataque</strong></span> <span class='ocrx_word' id='word_1_149' title='bbox 711 2521 804 2588; x_wconf 90' lang='lat' dir='ltr'><strong>bello</strong></span> <span class='ocrx_word' id='word_1_150' title='bbox 824 2521 943 2611; x_wconf 92' lang='lat' dir='ltr'><strong>puella</strong></span> <span class='ocrx_word' id='word_1_151' title='bbox 961 2521 1073 2586; x_wconf 89' lang='lat' dir='ltr'><strong>neutri</strong></span> <span class='ocrx_word' id='word_1_152' title='bbox 1093 2542 1129 2587; x_wconf 95' lang='lat' dir='ltr'><strong>se</strong></span> <span class='ocrx_word' id='word_1_153' title='bbox 1146 2544 1208 2610; x_wconf 88' lang='lat' dir='ltr'><strong>po·</strong></span> 
     </span>
     <span class='ocr_line' id='line_1_22' title="bbox 83 2626 1205 2716; baseline 0.001 -25"><span class='ocrx_word' id='word_1_154' title='bbox 83 2626 151 2692; x_wconf 92' lang='lat' dir='ltr'><strong>tius</strong></span> <span class='ocrx_word' id='word_1_155' title='bbox 179 2627 296 2694; x_wconf 88' lang='lat' dir='ltr'><strong>favere</strong></span> <span class='ocrx_word' id='word_1_156' title='bbox 326 2629 570 2714; x_wconf 82' lang='lat' dir='ltr'><strong>significasset,</strong></span> <span class='ocrx_word' id='word_1_157' title='bbox 607 2634 768 2695; x_wconf 90' lang='lat' dir='ltr'><strong>neutrum</strong></span> <span class='ocrx_word' id='word_1_158' title='bbox 803 2628 1056 2716; x_wconf 88' lang='lat' dir='ltr'><strong>anteposuisset</strong></span> <span class='ocrx_word' id='word_1_159' title='bbox 1090 2627 1205 2710; x_wconf 89' lang='lat' dir='ltr'><strong>alteri,</strong></span> 
     </span>
     <span class='ocr_line' id='line_1_23' title="bbox 85 2734 1208 2824; baseline 0.003 -25"><span class='ocrx_word' id='word_1_160' title='bbox 85 2755 233 2823; x_wconf 89' lang='lat' dir='ltr'><strong>cumque</strong></span> <span class='ocrx_word' id='word_1_161' title='bbox 264 2757 387 2803; x_wconf 90' lang='lat' dir='ltr'><strong>serena</strong></span> <span class='ocrx_word' id='word_1_162' title='bbox 414 2735 564 2824; x_wconf 91' lang='lat' dir='ltr'><strong>quadam</strong></span> <span class='ocrx_word' id='word_1_163' title='bbox 593 2737 646 2802; x_wconf 92' lang='lat' dir='ltr'><strong>sui</strong></span> <span class='ocrx_word' id='word_1_164' title='bbox 673 2736 781 2824; x_wconf 90' lang='lat' dir='ltr'><strong>ipsius</strong></span> <span class='ocrx_word' id='word_1_165' title='bbox 801 2734 1022 2822; x_wconf 78' lang='lat' dir='ltr'><strong>neglegentia</strong></span> <span class='ocrx_word' id='word_1_166' title='bbox 1044 2740 1208 2802; x_wconf 89' lang='lat' dir='ltr'><strong>venturos</strong></span> 
     </span>
     <span class='ocr_line' id='line_1_24' title="bbox 85 2841 1208 2931; baseline 0.001 -26"><span class='ocrx_word' id='word_1_167' title='bbox 85 2845 318 2930; x_wconf 86' lang='lat' dir='ltr'><strong>exspectasset</strong></span> <span class='ocrx_word' id='word_1_168' title='bbox 350 2847 505 2908; x_wconf 87' lang='lat' dir='ltr'><strong>eventus.</strong></span> <span class='ocrx_word' id='word_1_169' title='bbox 531 2843 667 2909; x_wconf 88' lang='lat' dir='ltr'><strong>Etenim</strong></span> <span class='ocrx_word' id='word_1_170' title='bbox 686 2844 721 2908; x_wconf 92' lang='lat' dir='ltr'><strong>in</strong></span> <span class='ocrx_word' id='word_1_171' title='bbox 744 2843 808 2908; x_wconf 85' lang='lat' dir='ltr'><strong>hac</strong></span> <span class='ocrx_word' id='word_1_172' title='bbox 836 2842 1005 2931; x_wconf 90' lang='lat' dir='ltr'><strong>poematis</strong></span> <span class='ocrx_word' id='word_1_173' title='bbox 1035 2841 1208 2908; x_wconf 87' lang='lat' dir='ltr'><strong>adfinem</strong></span> 
     </span>
     <span class='ocr_line' id='line_1_25' title="bbox 85 2947 1208 3039; baseline 0.001 -26"><span class='ocrx_word' id='word_1_174' title='bbox 85 2948 259 3033; x_wconf 83' lang='lat' dir='ltr'><strong>vergentis</strong></span> <span class='ocrx_word' id='word_1_175' title='bbox 285 2953 405 3037; x_wconf 88' lang='lat' dir='ltr'><strong>parte,</strong></span> <span class='ocrx_word' id='word_1_176' title='bbox 439 2971 591 3032; x_wconf 91' lang='lat' dir='ltr'><strong>summa,</strong></span> <span class='ocrx_word' id='word_1_177' title='bbox 626 2954 665 3016; x_wconf 92' lang='lat' dir='ltr'><strong>ut</strong></span> <span class='ocrx_word' id='word_1_178' title='bbox 698 2949 833 3039; x_wconf 90' lang='lat' dir='ltr'><strong>opinor,</strong></span> <span class='ocrx_word' id='word_1_179' title='bbox 860 2947 1041 3034; x_wconf 83' lang='lat' dir='ltr'><strong>diligentia</strong></span> <span class='ocrx_word' id='word_1_180' title='bbox 1069 2947 1208 3014; x_wconf 88' lang='lat' dir='ltr'><strong>vitanda</strong></span> 
     </span>
     <span class='ocr_line' id='line_1_26' title="bbox 26 3054 1208 3145; baseline 0.003 -26"><span class='ocrx_word' id='word_1_181' title='bbox 26 3089 28 3093; x_wconf 30' lang='grc' dir='ltr'><em>ν</em></span> <span class='ocrx_word' id='word_1_182' title='bbox 85 3054 182 3120; x_wconf 88' lang='lat' dir='ltr'><strong>fuere</strong></span> <span class='ocrx_word' id='word_1_183' title='bbox 222 3076 461 3145; x_wconf 89' lang='lat' dir='ltr'><strong>quaecumque</strong></span> <span class='ocrx_word' id='word_1_184' title='bbox 502 3057 556 3122; x_wconf 89' lang='lat' dir='ltr'><strong>vel</strong></span> <span class='ocrx_word' id='word_1_185' title='bbox 592 3056 764 3124; x_wconf 90' lang='lat' dir='ltr'><strong>tantulum</strong></span> <span class='ocrx_word' id='word_1_186' title='bbox 797 3054 948 3121; x_wconf 91' lang='lat' dir='ltr'><strong>invidiae</strong></span> <span class='ocrx_word' id='word_1_187' title='bbox 980 3054 1118 3122; x_wconf 87' lang='lat' dir='ltr'><strong>Aeneae</strong></span> <span class='ocrx_word' id='word_1_188' title='bbox 1148 3077 1208 3145; x_wconf 89' lang='lat' dir='ltr'><strong>pa·</strong></span> 
     </span>
     <span class='ocr_line' id='line_1_27' title="bbox 87 3162 287 3228; baseline 0.01 -2"><span class='ocrx_word' id='word_1_189' title='bbox 87 3162 239 3228; x_wconf 60' lang='lat' dir='ltr'><strong>rarentl.</strong></span> <span class='ocrx_word' id='word_1_190' title='bbox 283 3202 287 3207; x_wconf 94' lang='lat'>·</span> 
     </span>
    </p>

    <p class='ocr_par' dir='ltr' id='par_1_4' title="bbox 38 3252 1211 3896">
     <span class='ocr_line' id='line_1_28' title="bbox 134 3252 1209 3360; baseline 0.002 -27"><span class='ocrx_word' id='word_1_191' title='bbox 134 3265 201 3334; x_wconf 88' lang='lat' dir='ltr'><strong>Cur</strong></span> <span class='ocrx_word' id='word_1_192' title='bbox 215 3252 330 3336; x_wconf 89' lang='lat' dir='ltr'><strong>autem</strong></span> <span class='ocrx_word' id='word_1_193' title='bbox 348 3270 437 3336; x_wconf 90' lang='lat' dir='ltr'><strong>illud</strong></span> <span class='ocrx_word' id='word_1_194' title='bbox 464 3269 508 3335; x_wconf 90' lang='lat' dir='ltr'><strong>de</strong></span> <span class='ocrx_word' id='word_1_195' title='bbox 528 3269 686 3354; x_wconf 91' lang='lat' dir='ltr'><strong>Lavinia,</strong></span> <span class='ocrx_word' id='word_1_196' title='bbox 715 3269 809 3360; x_wconf 91' lang='lat' dir='ltr'><strong>quod</strong></span> <span class='ocrx_word' id='word_1_197' title='bbox 833 3270 972 3336; x_wconf 91' lang='lat' dir='ltr'><strong>Aeneae</strong></span> <span class='ocrx_word' id='word_1_198' title='bbox 993 3270 1209 3359; x_wconf 89' lang='lat' dir='ltr'><strong>aliquantum</strong></span> 
     </span>
     <span class='ocr_line' id='line_1_29' title="bbox 38 3376 1209 3466; baseline 0.003 -27"><span class='ocrx_word' id='word_1_199' title='bbox 38 3376 40 3380; x_wconf 80' lang='grc'><strong>’</strong></span> <span class='ocrx_word' id='word_1_200' title='bbox 88 3396 214 3441; x_wconf 86' lang='lat' dir='ltr'><strong>nocere</strong></span> <span class='ocrx_word' id='word_1_201' title='bbox 230 3382 359 3466; x_wconf 92' lang='lat' dir='ltr'><strong>posset,</strong></span> <span class='ocrx_word' id='word_1_202' title='bbox 378 3377 504 3444; x_wconf 88' lang='lat' dir='ltr'><strong>dixisse</strong></span> <span class='ocrx_word' id='word_1_203' title='bbox 524 3376 717 3464; x_wconf 79' lang='lat' dir='ltr'><strong>Vergilium</strong></span> <span class='ocrx_word' id='word_1_204' title='bbox 733 3377 961 3444; x_wconf 77' lang='lat' dir='ltr'><strong>arbitremur?</strong></span> <span class='ocrx_word' id='word_1_205' title='bbox 979 3377 1033 3443; x_wconf 92' lang='lat' dir='ltr'><strong>An</strong></span> <span class='ocrx_word' id='word_1_206' title='bbox 1053 3377 1209 3444; x_wconf 91' lang='lat' dir='ltr'><strong>consulto</strong></span> 
     </span>
     <span class='ocr_line' id='line_1_30' title="bbox 90 3482 1209 3575; baseline 0.003 -28"><span class='ocrx_word' id='word_1_207' title='bbox 90 3504 170 3548; x_wconf 91' lang='lat' dir='ltr'><strong>eum</strong></span> <span class='ocrx_word' id='word_1_208' title='bbox 183 3482 305 3550; x_wconf 91' lang='lat' dir='ltr'><strong>fecisse</strong></span> <span class='ocrx_word' id='word_1_209' title='bbox 327 3483 520 3568; x_wconf 88' lang='lat' dir='ltr'><strong>credamus,</strong></span> <span class='ocrx_word' id='word_1_210' title='bbox 543 3508 613 3574; x_wconf 93' lang='lat' dir='ltr'><strong>quo</strong></span> <span class='ocrx_word' id='word_1_211' title='bbox 633 3485 743 3571; x_wconf 78' lang='lat' dir='ltr'><strong>magis</strong></span> <span class='ocrx_word' id='word_1_212' title='bbox 762 3488 897 3575; x_wconf 92' lang='lat' dir='ltr'><strong>pateret</strong></span> <span class='ocrx_word' id='word_1_213' title='bbox 920 3484 956 3549; x_wconf 94' lang='lat' dir='ltr'><strong>in</strong></span> <span class='ocrx_word' id='word_1_214' title='bbox 976 3483 1049 3550; x_wconf 92' lang='lat' dir='ltr'><strong>solo</strong></span> <span class='ocrx_word' id='word_1_215' title='bbox 1068 3485 1209 3550; x_wconf 89' lang='lat' dir='ltr'><strong>numine</strong></span> 
     </span>
     <span class='ocr_line' id='line_1_31' title="bbox 89 3587 1211 3680; baseline 0.003 -26"><span class='ocrx_word' id='word_1_216' title='bbox 89 3587 241 3656; x_wconf 90' lang='lat' dir='ltr'><strong>Deorum</strong></span> <span class='ocrx_word' id='word_1_217' title='bbox 276 3591 348 3656; x_wconf 82' lang='lat' dir='ltr'><strong>fate</strong></span> <span class='ocrx_word' id='word_1_218' title='bbox 384 3592 498 3658; x_wconf 90' lang='lat' dir='ltr'><strong>herois</strong></span> <span class='ocrx_word' id='word_1_219' title='bbox 530 3592 766 3658; x_wconf 85' lang='lat' dir='ltr'><strong>Romanorum</strong></span> <span class='ocrx_word' id='word_1_220' title='bbox 799 3591 986 3659; x_wconf 87' lang='lat' dir='ltr'><strong>conditoris</strong></span> <span class='ocrx_word' id='word_1_221' title='bbox 1023 3595 1057 3657; x_wconf 91' lang='lat' dir='ltr'><strong>et</strong></span> <span class='ocrx_word' id='word_1_222' title='bbox 1089 3591 1211 3680; x_wconf 90' lang='lat' dir='ltr'><strong>proavi</strong></span> 
     </span>
     <span class='ocr_line' id='line_1_32' title="bbox 89 3696 1210 3787; baseline 0.004 -26"><span class='ocrx_word' id='word_1_223' title='bbox 89 3696 194 3763; x_wconf 92' lang='lat' dir='ltr'><strong>fuisse</strong></span> <span class='ocrx_word' id='word_1_224' title='bbox 219 3699 342 3787; x_wconf 91' lang='lat' dir='ltr'><strong>posita,</strong></span> <span class='ocrx_word' id='word_1_225' title='bbox 363 3720 431 3764; x_wconf 92' lang='lat' dir='ltr'><strong>non</strong></span> <span class='ocrx_word' id='word_1_226' title='bbox 450 3700 485 3765; x_wconf 89' lang='lat' dir='ltr'><strong>in</strong></span> <span class='ocrx_word' id='word_1_227' title='bbox 508 3699 668 3768; x_wconf 84' lang='lat' dir='ltr'><strong>humanis</strong></span> <span class='ocrx_word' id='word_1_228' title='bbox 688 3699 894 3780; x_wconf 80' lang='lat' dir='ltr'><strong>adfectibus,</strong></span> <span class='ocrx_word' id='word_1_229' title='bbox 916 3699 965 3765; x_wconf 91' lang='lat' dir='ltr'><strong>ita</strong></span> <span class='ocrx_word' id='word_1_230' title='bbox 987 3703 1025 3764; x_wconf 92' lang='lat' dir='ltr'><strong>ut</strong></span> <span class='ocrx_word' id='word_1_231' title='bbox 1050 3698 1137 3764; x_wconf 87' lang='lat' dir='ltr'><strong>nihil</strong></span> <span class='ocrx_word' id='word_1_232' title='bbox 1155 3720 1210 3765; x_wconf 89' lang='lat' dir='ltr'><strong>re-</strong></span> 
     </span>
     <span class='ocr_line' id='line_1_33' title="bbox 88 3804 1210 3896; baseline 0.002 -27"><span class='ocrx_word' id='word_1_233' title='bbox 88 3804 200 3870; x_wconf 83' lang='lat' dir='ltr'><strong>ferret</strong></span> <span class='ocrx_word' id='word_1_234' title='bbox 221 3809 338 3871; x_wconf 88' lang='lat' dir='ltr'><strong>utrum</strong></span> <span class='ocrx_word' id='word_1_235' title='bbox 364 3806 483 3872; x_wconf 90' lang='lat' dir='ltr'><strong>volens</strong></span> <span class='ocrx_word' id='word_1_236' title='bbox 503 3828 546 3873; x_wconf 87' lang='lat' dir='ltr'><strong>an</strong></span> <span class='ocrx_word' id='word_1_237' title='bbox 565 3807 686 3874; x_wconf 88' lang='lat' dir='ltr'><strong>nolens</strong></span> <span class='ocrx_word' id='word_1_238' title='bbox 707 3805 917 3887; x_wconf 88' lang='lat' dir='ltr'><strong>destinatum</strong></span> <span class='ocrx_word' id='word_1_239' title='bbox 940 3805 1006 3873; x_wconf 91' lang='lat' dir='ltr'><strong>sibi</strong></span> <span class='ocrx_word' id='word_1_240' title='bbox 1026 3828 1046 3872; x_wconf 93' lang='lat' dir='ltr'><strong>a</strong></span> <span class='ocrx_word' id='word_1_241' title='bbox 1067 3804 1210 3896; x_wconf 85' lang='lat' dir='ltr'><strong>Superis</strong></span> 
     </span>
    </p>
   </div>
   <div class='ocr_carea' id='block_1_3' title="bbox 90 4087 1211 4439">
    <p class='ocr_par' dir='ltr' id='par_1_5' title="bbox 90 4087 1209 4225">
     <span class='ocr_line' id='line_1_34' title="bbox 120 4087 1209 4153; baseline -0.004 -14"><span class='ocrx_word' id='word_1_242' title='bbox 120 4089 143 4141; x_wconf 92' lang='lat'><strong>1.</strong></span> <span class='ocrx_word' id='word_1_243' title='bbox 160 4090 228 4139; x_wconf 89' lang='lat' dir='ltr'><strong>Bene</strong></span> <span class='ocrx_word' id='word_1_244' title='bbox 241 4087 376 4138; x_wconf 81' lang='lat' dir='ltr'><strong>Vomnns:</strong></span> <span class='ocrx_word' id='word_1_245' title='bbox 392 4108 404 4134; x_wconf 89' lang='grc'>«</span> <span class='ocrx_word' id='word_1_246' title='bbox 415 4089 601 4148; x_wconf 83' lang='lat' dir='ltr'><strong>&lt;Lavinie&gt;</strong></span> <span class='ocrx_word' id='word_1_247' title='bbox 614 4088 657 4139; x_wconf 85' lang='lat' dir='ltr'><strong>n&#39;a</strong></span> <span class='ocrx_word' id='word_1_248' title='bbox 669 4090 747 4153; x_wconf 82' lang='lat' dir='ltr'><strong>point</strong></span> <span class='ocrx_word' id='word_1_249' title='bbox 761 4087 793 4139; x_wconf 85' lang='lat' dir='ltr'><strong>de</strong></span> <span class='ocrx_word' id='word_1_250' title='bbox 808 4089 963 4151; x_wconf 77' lang='lat' dir='ltr'><strong>repugnance</strong></span> <span class='ocrx_word' id='word_1_251' title='bbox 978 4103 1047 4152; x_wconf 84' lang='lat' dir='ltr'><strong>pour</strong></span> <span class='ocrx_word' id='word_1_252' title='bbox 1064 4089 1175 4141; x_wconf 82' lang='lat' dir='ltr'><strong>Turnus.</strong></span> <span class='ocrx_word' id='word_1_253' title='bbox 1197 4111 1209 4136; x_wconf 72' lang='lat' dir='ltr'><strong>a</strong></span> 
     </span>
     <span class='ocr_line' id='line_1_35' title="bbox 90 4158 590 4225; baseline 0 -15"><span class='ocrx_word' id='word_1_254' title='bbox 90 4162 178 4225; x_wconf 77' lang='lat' dir='ltr'><strong>(Esset</strong></span> <span class='ocrx_word' id='word_1_255' title='bbox 190 4176 237 4210; x_wconf 76' lang='lat' dir='ltr'><strong>aar</strong></span> <span class='ocrx_word' id='word_1_256' title='bbox 252 4158 278 4209; x_wconf 85' lang='lat' dir='ltr'><strong>la</strong></span> <span class='ocrx_word' id='word_1_257' title='bbox 290 4161 376 4224; x_wconf 73' lang='lat' dir='ltr'><strong>poesie</strong></span> <span class='ocrx_word' id='word_1_258' title='bbox 390 4161 492 4225; x_wconf 75' lang='lat' dir='ltr'><strong>epique,</strong></span> <span class='ocrx_word' id='word_1_259' title='bbox 509 4159 590 4224; x_wconf 71' lang='lat'><strong>1733.)</strong></span> 
     </span>
    </p>

    <p class='ocr_par' dir='ltr' id='par_1_6' title="bbox 90 4231 1211 4439">
     <span class='ocr_line' id='line_1_36' title="bbox 120 4231 1211 4296; baseline -0.001 -14"><span class='ocrx_word' id='word_1_260' title='bbox 120 4233 188 4282; x_wconf 66' lang='lat'><strong>2111</strong></span> <span class='ocrx_word' id='word_1_261' title='bbox 210 4247 253 4280; x_wconf 88' lang='lat' dir='ltr'><strong>sex</strong></span> <span class='ocrx_word' id='word_1_262' title='bbox 273 4232 403 4294; x_wconf 86' lang='lat' dir='ltr'><strong>postremis</strong></span> <span class='ocrx_word' id='word_1_263' title='bbox 420 4231 539 4280; x_wconf 87' lang='lat' dir='ltr'><strong>Aeneidis</strong></span> <span class='ocrx_word' id='word_1_264' title='bbox 563 4232 633 4281; x_wconf 84' lang='lat' dir='ltr'><strong>libris</strong></span> <span class='ocrx_word' id='word_1_265' title='bbox 652 4233 676 4281; x_wconf 89' lang='lat' dir='ltr'><strong>in</strong></span> <span class='ocrx_word' id='word_1_266' title='bbox 698 4234 806 4281; x_wconf 85' lang='lat' dir='ltr'><strong>Aeneam</strong></span> <span class='ocrx_word' id='word_1_267' title='bbox 830 4232 909 4280; x_wconf 87' lang='lat' dir='ltr'><strong>minus</strong></span> <span class='ocrx_word' id='word_1_268' title='bbox 924 4245 996 4295; x_wconf 91' lang='lat' dir='ltr'><strong>quam</strong></span> <span class='ocrx_word' id='word_1_269' title='bbox 1011 4233 1035 4280; x_wconf 91' lang='lat' dir='ltr'><strong>in</strong></span> <span class='ocrx_word' id='word_1_270' title='bbox 1051 4233 1105 4296; x_wconf 88' lang='lat' dir='ltr'><strong>ejus</strong></span> <span class='ocrx_word' id='word_1_271' title='bbox 1126 4233 1211 4283; x_wconf 87' lang='lat' dir='ltr'><strong>hostes</strong></span> 
     </span>
     <span class='ocr_line' id='line_1_37' title="bbox 90 4301 1211 4369; baseline -0.001 -16"><span class='ocrx_word' id='word_1_272' title='bbox 90 4306 221 4369; x_wconf 82' lang='lat' dir='ltr'><strong>legentium</strong></span> <span class='ocrx_word' id='word_1_273' title='bbox 237 4306 342 4351; x_wconf 77' lang='lat' dir='ltr'><strong>favorem</strong></span> <span class='ocrx_word' id='word_1_274' title='bbox 358 4318 467 4364; x_wconf 77' lang='lat' dir='ltr'><strong>vergere,</strong></span> <span class='ocrx_word' id='word_1_275' title='bbox 480 4304 577 4365; x_wconf 82' lang='lat' dir='ltr'><strong>saepius</strong></span> <span class='ocrx_word' id='word_1_276' title='bbox 591 4310 628 4353; x_wconf 85' lang='lat' dir='ltr'><strong>est</strong></span> <span class='ocrx_word' id='word_1_277' title='bbox 640 4304 843 4352; x_wconf 76' lang='lat' dir='ltr'><strong>animadversum.</strong></span> <span class='ocrx_word' id='word_1_278' title='bbox 861 4301 898 4351; x_wconf 80' lang='lat' dir='ltr'><strong>Cf.</strong></span> <span class='ocrx_word' id='word_1_279' title='bbox 913 4317 934 4353; x_wconf 90' lang='lat' dir='ltr'><strong>e.</strong></span> <span class='ocrx_word' id='word_1_280' title='bbox 949 4318 973 4366; x_wconf 79' lang='lat' dir='ltr'><strong>g.</strong></span> <span class='ocrx_word' id='word_1_281' title='bbox 989 4302 1118 4366; x_wconf 80' lang='lat' dir='ltr'><strong>Vonrxmr,</strong></span> <span class='ocrx_word' id='word_1_282' title='bbox 1135 4304 1211 4354; x_wconf 73' lang='lat' dir='ltr'><strong>Esset</strong></span> 
     </span>
     <span class='ocr_line' id='line_1_38' title="bbox 90 4374 485 4439; baseline -0.005 -15"><span class='ocrx_word' id='word_1_283' title='bbox 90 4391 137 4424; x_wconf 81' lang='lat' dir='ltr'><strong>sur</strong></span> <span class='ocrx_word' id='word_1_284' title='bbox 150 4375 176 4424; x_wconf 86' lang='lat' dir='ltr'><strong>lu</strong></span> <span class='ocrx_word' id='word_1_285' title='bbox 191 4376 279 4424; x_wconf 74' lang='lat' dir='ltr'><strong>l&#39;oe‘sie</strong></span> <span class='ocrx_word' id='word_1_286' title='bbox 292 4375 384 4439; x_wconf 70' lang='lat' dir='ltr'><strong>epique</strong></span> <span class='ocrx_word' id='word_1_287' title='bbox 395 4374 485 4437; x_wconf 77' lang='lat'>(17:33).</span> 
     </span>
    </p>
   </div>
   <div class='ocr_carea' id='block_1_4' title="bbox 0 0 1435 4928">
    <p class='ocr_par' dir='ltr' id='par_1_7' title="bbox 0 0 1435 4928">
     <span class='ocr_line' id='line_1_39' title="bbox 0 0 1435 4928; baseline 0 0"><span class='ocrx_word' id='word_1_288' title='bbox 0 0 1435 4928; x_wconf 95' lang='lat' dir='ltr'><strong> </strong></span> 
     </span>
    </p>
   </div>
  </div>
 </body>
</html>
