2844 4928
124 320 167 385 20
577 333 654 379 raas
680 333 786 379 rmon.

123 515 178 581 lus
207 514 350 580 forsitan
383 510 467 593 fuit,
498 510 558 598 qui
589 508 738 576 dolentis
766 508 909 594 virginis
943 509 1095 594 animum
1124 506 1248 580 sedulo

124 621 318 712 exprimere
338 618 499 705 dignatus
519 617 573 684 sit.

166 833 259 920 Ergo
297 834 346 899 ita
378 854 501 901 censeo
538 852 545 898 :
581 833 738 922 quamvis
776 853 845 897 non
882 829 998 896 omnia
1034 830 1250 917 antiquitatis

124 942 252 1030 scripta
269 941 305 1007 in
325 939 485 1006 manibus
503 939 706 1022 habeamus,
727 944 801 1005 tuto
821 944 936 1004 tamen
956 937 1056 1003 nobis
1074 936 1249 1022 conjicere

122 1048 225 1115 datur
252 1048 340 1114 nibil
366 1049 438 1114 fere
467 1068 529 1113 nos
560 1068 679 1113 eorum
709 1047 817 1112 latere
849 1068 938 1134 quae
973 1044 1015 1110 de
1049 1042 1182 1110 Didone
1215 1048 1250 1110 et

121 1155 367 1224 Andromache
386 1155 588 1241 cognovisse
608 1175 748 1222 necesse
769 1155 823 1235 sit,
839 1152 1058 1238 Vergilianae
1074 1173 1152 1217 cum
1171 1151 1250 1216 imi-

122 1263 260 1329 tationis
279 1267 352 1329 tum
371 1263 576 1329 inventionis
596 1262 745 1328 rationes
766 1266 799 1327 et
820 1261 890 1326 vias
909 1259 1107 1350 perspicere
1125 1279 1251 1344 aggre-

123 1369 309 1436 dientibus.
333 1369 634 1459 supervacaneam
653 1368 912 1457 philologorum
929 1367 1075 1432 istorum
1095 1387 1170 1431 esse
1191 1389 1251 1433 cu-

122 1499 197 1543 ram
235 1478 403 1559 existimo,
444 1478 503 1566 qui
534 1498 672 1566 semper
708 1474 753 1542 ad
789 1477 926 1562 ignotos
955 1472 1056 1539 nobis
1089 1477 1250 1539 auctores

122 1585 323 1675 respiciunt,
350 1583 566 1673 libenterque
592 1583 762 1666 dictitant,
787 1582 953 1648 nonnulla
975 1585 1114 1670 praesto
1139 1581 1248 1646 fuisse

122 1689 276 1776 Vergilio
297 1690 463 1774 subsidia,
493 1694 526 1756 et
543 1691 604 1756 illa
635 1691 737 1756 etiam
760 1691 862 1780 plura
881 1695 941 1756 aut
958 1688 1122 1756 uberiora
1140 1709 1249 1775 quam

122 1820 164 1864 ea
182 1799 259 1888 ipsa
282 1821 371 1888 quae
396 1798 497 1867 nobis
522 1798 660 1885 cognita
681 1803 771 1864 sunt.
794 1795 920 1864 Contra
943 1819 1008 1883 ego
1032 1796 1088 1861 vix
1110 1794 1248 1860 levissi-

122 1927 217 1972 mum
239 1906 341 1973 nobis
366 1906 504 1972 errandi
526 1905 719 1996 periculum
744 1903 962 1972 subeundum
986 1925 1061 1970 esse
1082 1901 1244 1986 arbitror,

123 2013 152 2078 si
180 2035 336 2103 eaquae
362 2015 398 2081 iu
426 2014 589 2097 Homer0,
615 2013 792 2103 Euripide,
819 2012 1015 2102 Apollonio,
1042 2009 1243 2092 Theocrito,

123 2118 256 2187 Catullo
279 2144 348 2187 non
367 2121 595 2210 reperiantur,
618 2117 762 2205 Vergilii
782 2141 857 2190 esse
878 2118 1091 2186 confidenter
1115 2120 1246 2186 statue-

120 2248 240 2294 rimus
