2844 4928
557 337 655 383 canor
680 335 853 382 sacuuouu.
1204 295 1267 380 117

147 511 389 602 expergefacta
407 511 601 602 obstupet¹.
627 511 722 579 Tunc
747 512 839 578 enim
863 509 1019 595 reginam
1037 528 1179 598 prorsus
1201 507 1270 573 dis-

147 618 297 686 similem
320 618 365 684 ab
382 618 454 701 illa,
477 639 581 708 quam
601 640 712 708 nuper
731 617 818 685 adeo
840 616 991 684 ferocem
1011 620 1046 682 et
1068 615 1270 682 bellicosam

146 725 310 807 vidimus,
332 724 509 812 Vergilius
532 726 630 794 nobis
657 725 830 812 subjicit:
858 751 874 785 ιι
896 723 1037 790 flentem
1063 751 1079 786 »
1106 722 1269 788 nimirum

148 838 183 900 et
211 832 255 899 ad
283 855 397 919 genua
426 831 543 916 Turni,
574 855 617 899 ne
646 832 870 898 dimicaturus
896 831 1009 912 abeat,
1036 829 1268 919 provolutam,

146 941 332 1030 futuraque
357 944 469 1006 morte
496 939 719 1029 pallentem².
757 938 827 1005 Nec
859 939 1026 1003 miramur
1053 937 1270 1026 repentinam

145 1047 250 1112 istam
273 1047 379 1112 animi
407 1047 680 1129 conversionem,
710 1066 787 1111 cum
813 1045 941 1133 optime
972 1048 1073 1134 poeta
1101 1043 1270 1110 violentos

147 1154 293 1239 Amatae
319 1175 438 1219 sensus
463 1154 676 1243 patefecerit,
698 1152 753 1218 vel
771 1153 806 1217 in
827 1152 938 1240 primo
957 1172 1060 1217 versu
1079 1150 1114 1216 in
1134 1173 1202 1240 quo
1227 1150 1270 1217 de

147 1261 209 1327 illa
227 1261 263 1326 in
276 1266 434 1351 poemate
450 1261 577 1327 mentio
595 1261 686 1328 facta
705 1265 776 1326 est³
798 1281 806 1328 ε

555 1457 647 1519 Quem
663 1455 743 1520 regia
758 1455 867 1520 conjux

369 1536 491 1602 adjungi
505 1550 648 1602 generum
663 1539 733 1586 miro
747 1535 911 1602 properabat
923 1550 1024 1586 amore.

197 1706 311 1773 Nimia
341 1706 448 1792 igitur
476 1711 527 1773 est
549 1705 585 1770 in
610 1726 747 1793 quaque
766 1727 804 1771 re
825 1709 859 1770 et
876 1705 1080 1788 immodica;
1101 1728 1169 1797 quo
1190 1728 1274 1793 ergo

150 1814 335 1902 superbius
355 1836 395 1879 ac
414 1813 525 1898 magis
545 1833 646 1878 saeve
670 1812 705 1877 in
725 1811 896 1902 principio
916 1812 1128 1880 debacchata
1148 1818 1211 1896 est,
1234 1836 1275 1881 eo

150 1920 335 1987 demissius
363 1942 455 1986 nunc
474 1919 582 2005 affligi
615 1919 800 1984 verisimile
833 1925 886 1985 est
917 1920 1100 1987 infractum
1134 1921 1276 1988 calami-

149 2027 280 2093 tatibus
299 2027 451 2095 animum
472 2031 507 2093 et
525 2026 625 2116 quasi
644 2026 678 2091 in
699 2047 735 2092 se
755 2048 795 2091 ex
814 2027 883 2092 alto
902 2027 1154 2117 prolabentem.

197 2133 268 2200 Nec
295 2133 602 2224 praetermittenda
630 2139 709 2198 sunt
732 2134 840 2200 verba
862 2134 988 2223 quibus
1012 2135 1165 2201 Turnum
1192 2157 1275 2225 sup·

150 2242 232 2331 plex
255 2241 485 2331 alloquitur⁵;
511 2262 661 2330 namque
680 2240 776 2309 iniis
797 2264 935 2330 quoque
954 2242 1040 2308 nihil
1065 2265 1085 2308 a
1105 2249 1210 2332 poeta
1227 2246 1282 2309 te-'

150 2371 245 2415 mere
266 2349 429 2414 emissum
455 2349 678 2438 perspicuum
703 2350 765 2412 est.
787 2347 906 2437 Neque
926 2348 982 2414 hic
1006 2348 1162 2434 significo
1180 2349 1275 2418 illam

150 2455 298 2542 Vergilii
318 2456 453 2537 crebre,
475 2455 741 2537 necimmerito,
762 2455 960 2523 rhetoribus
979 2456 1153 2523 laudatam
1175 2479 1275 2544 argu-

150 2569 363 2646 mentorum,
385 2563 441 2629 vel
459 2563 494 2628 in
522 2562 751 2652 perbrevibus
780 2563 1009 2646 orationibus,
1041 2565 1275 2631 inventionem

152 2694 193 2738 ac
208 2671 471 2762 dispositionem
484 2692 491 2752 3
505 2669 566 2735 sed
578 2671 710 2735 minuta
724 2670 784 2736 illa
794 2670 896 2754 dicta,
914 2671 1040 2759 quibus
1054 2671 1222 2761 cujusque
1238 2673 1273 2739 in

151 2777 306 2845 Aeneide
326 2778 497 2867 loquentis
517 2799 684 2867 personae
703 2776 838 2843 indoles
858 2799 935 2843 cum
956 2779 1125 2867 exquisita
1143 2779 1275 2846 subtili-

151 2889 222 2950 tate
242 2885 379 2975 saepius
395 2884 598 2950 delineatur.

197 2991 217 3057 J
221 3013 276 3058 am
296 3014 401 3081 supra
419 2991 535 3056 notavi
553 2990 640 3056 illud
657 2991 802 3058 Amatae
825 3011 832 3059 :

530 3213 599 3228 .......
618 3178 671 3228 Per
685 3176 709 3226 si
725 3176 792 3240 quis
807 3181 930 3229 Amatae

500 3255 597 3321 tangit
610 3257 694 3307 honos
708 3258 871 3309 animum...

190 3429 213 3481 l.
229 3430 292 3477 Aeo.
310 3427 362 3490 ΧΠ,
378 3427 408 3476 54
423 3441 476 3490 sqq.
495 3442 500 3475 :
516 3428 547 3476 At
564 3428 658 3490 regina,
675 3441 744 3477 aava
757 3441 854 3490 pugnae
866 3429 997 3478 conterrita
1010 3434 1084 3480 sorte.
1100 3457 1131 3467 -
1148 3429 1279 3494 Perpetem

158 3501 262 3550 Sanvms
278 3515 283 3547 ε
301 3519 312 3544 ιι
329 3515 391 3547 nova
413 3504 487 3559 sorte,
508 3498 532 3547 id
556 3504 593 3548 est
612 3514 719 3562 mappa.
742 3520 753 3544 r
774 3499 865 3548 Alium
888 3514 953 3548 nunc
975 3514 1029 3549 esse
1051 3515 1131 3550 rerum
1152 3503 1278 3564 rationem,

157 3572 243 3620 uticem
258 3574 355 3628 statum,
367 3570 413 3618 hoc
428 3571 503 3618 verbo
519 3584 587 3619 nova
602 3571 750 3622 declaratur.

190 3642 213 3692 2.
232 3641 298 3691 Aeo.
314 3641 368 3702 llll,
385 3641 415 3688 55
425 3656 430 3690 :
441 3642 566 3701 moritura,
576 3669 604 3676 -
616 3657 664 3690 non
680 3643 758 3690 sotum
777 3641 896 3704 quiajam
911 3643 935 3690 in
950 3643 1031 3690 animo
1044 3645 1128 3692 mortis
1138 3644 1281 3694 adsciscen-

158 3715 206 3762 dae
221 3713 348 3762 ccnsilium
372 3713 434 3761 clam
455 3714 585 3775 concipere
606 3714 702 3775 incipit,
718 3713 762 3761 sed
781 3713 839 3776 quia
854 3715 947 3761 vultum
967 3714 1017 3775 jam
1041 3714 1114 3763 habet
1132 3729 1224 3776 eorum,
1239 3717 1282 3779 qui

158 3785 298 3848 propiorem
313 3785 421 3832 ultimum
434 3784 498 3832 diem
520 3785 640 3834 sentiunt.
661 3784 733 3833 Velut
748 3786 768 3832 si
784 3784 896 3843 dixisset,
923 3785 994 3832 sicuti
1019 3784 1048 3833 de
1069 3785 1186 3836 Didone:
1207 3807 1219 3831 ιι
1231 3788 1282 3850 J'am

159 3857 254 3919 pallens
269 3861 346 3904 morte
360 3857 448 3903 lutura.
464 3875 476 3900 a
492 3881 523 3891 -
541 3855 641 3903 Rroaacr
657 3857 804 3904 «monitura
824 3874 836 3899 ι)
853 3869 858 3902 :
875 3857 936 3904 satis
953 3860 1032 3904 autem
1053 3856 1136 3905 futiles
1150 3859 1181 3906 ob
1196 3872 1283 3907 causas

160 3929 201 3991 (cl.
218 3940 304 3990 appar.
321 3928 399 3975 critic.
416 3927 441 3974 in
457 3927 481 3974 h.
494 3941 530 3986 v.,
546 3926 744 3990 Proteqomena,
760 3942 784 3990 p.
800 3926 864 3986 36&
880 3932 904 3975 et
921 3926 969 3976 365
985 3932 1009 3976 et
1022 3926 1062 3985 94,
1079 3928 1119 3976 ubi
1135 3929 1246 3989 similem,
1258 3934 1284 3976 ut

159 3999 283 4061 opinatur,
307 3999 331 4045 in
352 4000 416 4049 Aeo.
439 3998 479 4057 lV,
495 3997 541 4047 436
555 3999 667 4046 mendam
683 3999 755 4046 simili
771 3998 871 4060 corrigit
890 3999 1072 4057 emendatione,
1089 4013 1134 4046 nec
1148 4001 1241 4060 minus,
1258 4002 1284 4047 ut

160 4070 256 4133 opinor,
269 4070 380 4132 infelici).
393 4069 457 4118 Bene
473 4069 609 4118 Coumorou
624 4069 747 4118 existimat
762 4069 824 4117 hanc
837 4069 1002 4130 conjecturam
1015 4069 1153 4118 audacioris
1163 4069 1283 4133 philologi

161 4160 174 4185 ιι
192 4143 299 4203 stranea
315 4139 492 4203 insensibilitp
509 4143 630 4188 »notare

192 4211 216 4260 3.
232 4212 298 4261 Aen.
321 4211 373 4271 Vll,
388 4211 471 4262 56-5‘1.
490 4210 593 4260 Servius
608 4226 614 4260 ε
632 4229 644 4255 ιι
662 4212 722 4260 miro
740 4225 821 4260 amore
841 4225 847 4260 :
864 4225 927 4260 nova
941 4211 1137 4275 intemperantia.
1151 4232 1164 4258 »ι
1180 4211 1285 4265 Conme-

161 4298 208 4332 ron
234 4298 239 4330 :
268 4302 279 4327 ιι
296 4284 447 4346 Properahat
472 4297 478 4329 ε
501 4283 644 4333 studebat...
670 4283 730 4332 nihil
748 4284 770 4331 ei
793 4283 840 4331 luit
862 4282 967 4346 lougius.
991 4282 1027 4331 Cl.
1054 4283 1209 4346 σπουδάζειν,
1226 4303 1238 4330 >r
1260 4288 1286 4336 et

162 4357 230 4406 Aen.
247 4354 298 4415 Vll,
313 4355 369 4406 264.
963 4354 968 4359 ”

195 4426 218 4476 4.
234 4427 298 4477 Aea.
314 4426 367 4487 ΧΗ,
382 4426 413 4476 56
428 4439 482 4490 sqq.
