2844 4928
212 325 233 368 ll
676 325 872 374 PROOEMIUM.

211 499 398 589 plurimum
417 500 622 564 instructum
634 499 819 588 praeberet
838 504 872 565 et
891 500 1090 565 affluentem
1110 499 1178 568 illis
1199 506 1338 566 senten-

211 608 336 673 tiarum
365 610 423 672 aut
451 605 615 672 orationis
643 633 658 666 κ
688 606 894 690 luminibuS,
924 635 939 669 »
975 629 1064 696 quae
1093 607 1128 670 in
1153 611 1338 696 poetarum

210 714 356 779 inventis
386 735 525 802 semper
551 717 584 778 et
617 713 781 778 unanimo
806 735 975 780 consensu
1004 713 1203 781 bominibus
1235 714 1340 779 mira-

212 820 296 886 bilia
314 820 387 888 visa
408 823 533 886 essent.
551 818 650 887 Unde
665 819 771 886 fiebat
785 831 822 886 ut
838 842 908 886 non
927 820 1039 888 solum
1060 820 1192 885 licitum
1208 820 1335 908 poetis,

212 927 273 993 sed
294 927 396 992 ctiam
409 930 633 1016 praeceptum
654 926 875 1010 existimaret,
899 948 1081 1016 excerpere
1102 930 1136 992 et
1159 927 1337 1016 surripere

212 1056 449 1124 quaecumque
470 1034 504 1098 in
523 1037 681 1099 veterum
701 1034 864 1123 operibus
883 1034 1043 1115 niterent,
1065 1037 1168 1122 atque
1194 1034 1279 1098 ita«
1302 1034 1337 1099 in

212 1163 313 1211 usum
333 1162 432 1210 suum
453 1145 649 1230 opportuna
668 1139 880 1221 derivatione
909 1146 1109 1206 convertere
1137 1168 1152 1202 »
1173 1162 1215 1205 ne
1237 1139 1339 1229 quid-

213 1270 317 1339 quam
337 1249 465 1337 periret
485 1269 524 1313 ex
552 1247 594 1313 iis
617 1269 705 1336 quae
737 1247 883 1337 pulchra
906 1247 1068 1337 bonaque
1088 1247 1223 1336 priores
1243 1247 1338 1312 inve-

213 1356 373 1425 nissent¹.
1079 1339 1083 1347 ¹

258 1461 329 1528 Nec
348 1462 456 1527 multo
476 1482 574 1527 secus
594 1483 634 1526 ac
651 1460 848 1527 Macrobius
868 1461 940 1527 fere
956 1462 1118 1528 universa
1135 1462 1336 1551 antiquitaS,

213 1570 248 1635 ni
266 1569 378 1652 fallor,
401 1568 545 1658 perfecti
560 1571 682 1657 poetae
697 1568 884 1653 imaginem
905 1569 1019 1634 animo
1036 1569 1203 1659 concepit.

258 1676 376 1762 Longe
414 1680 529 1740 autem
562 1675 662 1740 aliter
704 1674 841 1740 videtur
876 1676 1108 1742 recentiorum
1141 1680 1338 1765 temporum

215 1788 248 1850 et
267 1784 414 1850 maxime
434 1782 626 1871 praesentis
653 1783 774 1850 aetatis
800 1787 938 1850 nostrae
958 1782 1168 1871 hominibus.
1200 1782 1338 1872 Quippe

215 1891 362 1980 quinon
382 1894 452 1955 tam
467 1888 666 1957 desiderent
686 1888 808 1954 eadem
829 1889 895 1957 sibi
915 1896 1085 1979 perpetuo
1104 1889 1160 1956 vel
1179 1890 1340 1979 pulcher-

216 1999 304 2064 rima
332 1997 465 2086 reponi,
493 2019 597 2085 quam
624 1995 739 2062 afferri
757 2018 847 2061 nova
867 2002 900 2062 et
918 1996 1084 2063 inaudita.
1107 1997 1221 2062 Pluris
1237 1997 1340 2064 nobis

120 2164 122 2168 .
215 2105 441 2171 aestimantur
461 2104 563 2169 etiam
584 2125 706 2193 pauca,
733 2125 821 2191 quae
842 2102 885 2169 dc
906 2126 983 2185 suo,
1007 2104 1157 2190 genuina
1175 2105 1339 2170 nimirum

216 2217 250 2278 et
269 2210 468 2301 peculiaria,
501 2215 602 2299 poeta
631 2208 772 2299 quidam
800 2209 974 2294 extulerit,
996 2231 1101 2298 quam
1121 2211 1231 2275 multa
1250 2233 1340 2299 quae

216 2318 354 2384 aliunde
375 2316 506 2386 adscita
525 2317 743 2382 arcessiverit
762 2322 975 2384 ornamenta.
1000 2317 1206 2407 Quanquam
1232 2318 1337 2402 vulgo

217 2425 342 2491 dicitur
375 2425 486 2515 poetis
517 2423 594 2490 dari
625 2423 799 2491 licentiam
831 2451 846 2485 α
878 2446 979 2490 suum
1013 2424 1255 2514 undecumque
1284 2447 1341 2494 su-

217 2533 381 2614 mendi»,
404 2537 519 2597 tamen
535 2531 644 2597 multo
663 2531 778 2620 potius
796 2531 897 2596 nobis
917 2531 1054 2598 videtur
1075 2532 1102 2597 si
1123 2553 1224 2597 suum
1241 2531 1282 2597 de
1304 2554 1341 2600 se

215 2641 292 2730 ipso
312 2640 549 2728 unusquisque
568 2637 714 2704 hauriat.
746 2636 852 2724 Cujus
882 2661 963 2704 vero
983 2639 1118 2704 virtutis
1138 2660 1207 2704 non
1229 2661 1339 2727 aeque

217 2753 320 2836 atque
340 2769 403 2812 nos
423 2747 578 2813 curiosos
604 2745 709 2811 fuisse
739 2749 871 2810 veteres
902 2746 980 2835 ipsa
1007 2745 1194 2812 verborum
1222 2746 1341 2836 inopia

219 2854 371 2920 declarat
390 2852 516 2943 quibus
535 2874 611 2918 eam
632 2851 846 2941 eloquamur.

261 2962 447 3050 Postquam
473 2959 579 3046 igitur
605 2959 734 3025 saeculi
756 2959 864 3024 nostri
888 2959 1068 3048 philologi,
1094 2961 1130 3026 in
1156 2960 1215 3026 illa
1242 2960 1342 3026 inda-

218 3067 352 3153 gandae
387 3066 551 3135 Aeneidis
580 3066 713 3132 ratione
745 3065 853 3131 multo
884 3066 1025 3133 ulterius
1054 3065 1231 3134 Macrobio
1260 3089 1343 3156 pro-

219 3175 358 3261 gressi²,
374 3194 436 3240 nos
454 3174 605 3263 primum
624 3173 749 3240 docent
761 3194 884 3262 poema
896 3172 983 3239 illud
998 3195 1066 3238 non
1077 3173 1169 3262 quod
1181 3173 1340 3256 voluerit,

219 3281 417 3371 impellente
437 3280 556 3366 genio,
578 3285 697 3370 poeta,
726 3278 786 3346 sed
809 3278 902 3368 quod
920 3279 1039 3366 jussus
1064 3280 1144 3364 sit³,
1166 3280 1342 3370 inceptum

252 3521 274 3572 1.
294 3540 306 3565 α
323 3520 392 3579 Quod
415 3520 435 3567 si
457 3519 516 3567 haec
530 3518 636 3566 societas
652 3520 675 3565 et
690 3530 771 3564 rerum
786 3517 922 3565 commuuio
942 3517 1021 3579 poetis
1036 3517 1247 3581 scriptoribusque
1265 3519 1343 3566 omni-

220 3595 267 3641 bus
282 3594 346 3641 inter
358 3605 384 3640 se
400 3591 535 3639 exercenda
550 3592 722 3650 concessaest,
738 3589 794 3651 quis
811 3587 890 3636 lraudi
908 3588 1017 3652 Vergilio
1035 3593 1123 3645 vertat,
1140 3590 1161 3637 si
1176 3590 1207 3638 ad
1228 3590 1344 3637 excolen-

220 3665 277 3712 dum
294 3678 320 3712 se
334 3663 453 3726 quaedam
468 3662 498 3710 ab
514 3660 692 3723 antiquioribus
717 3663 840 3707 mutuatus
858 3659 910 3707 sit‘?
937 3659 979 3707 Cui
1002 3661 1074 3708 etiem
1090 3662 1167 3722 gratia
1185 3661 1230 3709 hoc
1246 3661 1343 3709 nomine

221 3735 334 3783 habenda
347 3738 385 3782 est
398 3733 464 3796 quod
478 3731 595 3780 nonnulla
609 3732 639 3779 ab
655 3731 703 3778 illis
717 3731 741 3778 iu
757 3744 818 3792 opus
842 3745 921 3788 suum,
946 3731 1011 3792 quod
1027 3735 1126 3780 aeterno
1142 3746 1279 3780 mansurum
1296 3736 1343 3791 est,

221 3804 392 3853 transferendo
407 3804 463 3852 lecit
479 3818 509 3851 ne
526 3803 622 3851 omniuo
637 3802 753 3850 memoria
776 3805 885 3849 veterum
908 3800 1041 3859 deleretur,
1064 3816 1134 3864 quos,
1151 3803 1214 3850 sicut
1227 3816 1344 3863 praesens

222 3891 308 3924 sensus
323 3875 437 3933 ostendit,
454 3889 502 3923 non
518 3874 596 3922 solum
612 3873 731 3936 neglectui
747 3886 829 3920 verum
845 3871 917 3920 etiam
933 3872 992 3919 risui
1012 3872 1103 3921 trabere
1115 3874 1165 3934 J'em
1176 3873 1310 3934 coepimus.
1331 3891 1343 3916 »

222 3949 248 3998 L.
266 3947 306 4009 Vl,
324 3962 377 4008 cap.
393 3961 411 3995 1.
1332 3993 1334 3999 .

252 4019 275 4070 2.
294 4019 330 4068 Cl.
354 4017 517 4066 recentiorum
539 4019 752 4065 commentatorum
777 4018 801 4063 et
822 4013 994 4062 historicorum
1019 4014 1123 4063 indicem
1146 4014 1201 4062 huic
1223 4014 1343 4076 opusculo

221 4091 394 4154 praepositum.
597 4085 599 4091 '

252 4162 276 4212 3.
293 4160 408 4211 Nonnulli
424 4161 487 4208 enim
502 4162 623 4218 asserunt,
638 4159 699 4206 sicut
711 4160 828 4205 memorat
842 4155 1134 4218 Corrmoronllntrod.,t.
1150 4156 1179 4215 ll,
1195 4171 1220 4218 p.
1232 4157 1291 4217 rur),
1308 4156 1346 4203 in-

222 4238 315 4296 ceptam
331 4246 385 4281 esse
402 4247 416 4280 a
432 4231 540 4293 Vergilio
552 4229 687 4278 Aeneidem
703 4247 714 4273 α
731 4231 760 4276 nt
777 4227 819 4276 tlte
831 4226 970 4276 command
986 4229 1044 4290 οἷα
1058 4228 1186 4291 reperior.
1205 4246 1217 4269 »
1233 4228 1267 4275 lla
1281 4228 1345 4275 euim

222 4305 341 4353 Formam
361 4304 398 4367 (in
415 4303 603 4351 Dissertationc
622 4300 654 4349 de
677 4300 705 4350 Ρ,
721 4298 829 4362 Vergilii
844 4300 898 4348 uita
913 4302 938 4348 et
957 4298 1119 4348 carminibus
1140 4299 1210 4347 tertio
1229 4299 1345 4346 editionis

223 4390 281 4425 suae
296 4375 411 4424 volumini
423 4374 540 4437 praefixa,
554 4387 578 4434 p.
591 4372 668 4433 xxxv)
680 4385 685 4419 :
698 4391 709 4416 «
722 4371 759 4420 Ad
770 4370 816 4419 hoc
831 4385 928 4419 carmen
942 4370 1098 4433 pangendum
1111 4371 1190 4420 alieno
1204 4370 1285 4433 potius
1300 4370 1346 4418 im·
