<?xml version="1.0" encoding="UTF-8"?>
<!DOCTYPE html PUBLIC "-//W3C//DTD XHTML 1.0 Transitional//EN"
    "http://www.w3.org/TR/xhtml1/DTD/xhtml1-transitional.dtd">
<html xmlns="http://www.w3.org/1999/xhtml" xml:lang="en" lang="en">
 <head>
  <title>
</title>
<meta http-equiv="Content-Type" content="text/html;charset=utf-8" />
  <meta name='ocr-system' content='tesseract 3.04.00' />
  <meta name='ocr-capabilities' content='ocr_page ocr_carea ocr_par ocr_line ocrx_word'/>
</head>
<body>
  <div class='ocr_page' id='page_1' title='image "./devergilioininf00rbgoog_0175.png"; bbox 0 0 2844 4928; ppageno 0'>
   <div class='ocr_carea' id='block_1_1' title="bbox 233 291 930 362">
    <p class='ocr_par' dir='ltr' id='par_1_1' title="bbox 233 291 930 362">
     <span class='ocr_line' id='line_1_1' title="bbox 233 291 930 362; baseline 0.006 -6"><span class='ocrx_word' id='word_1_1' title='bbox 233 291 298 356; x_wconf 76' lang='lat'>152</span> <span class='ocrx_word' id='word_1_2' title='bbox 646 314 723 360; x_wconf 80' lang='grc'><strong>6166</strong></span> <span class='ocrx_word' id='word_1_3' title='bbox 747 315 930 362; x_wconf 77' lang='grc'><strong>6666666666.</strong></span> 
     </span>
    </p>
   </div>
   <div class='ocr_carea' id='block_1_2' title="bbox 130 487 1360 2829">
    <p class='ocr_par' dir='ltr' id='par_1_2' title="bbox 130 487 1359 1435">
     <span class='ocr_line' id='line_1_2' title="bbox 230 487 1355 580; baseline 0.008 -27"><span class='ocrx_word' id='word_1_4' title='bbox 230 488 392 553; x_wconf 90' lang='lat' dir='ltr'>maritum</span> <span class='ocrx_word' id='word_1_5' title='bbox 411 487 585 576; x_wconf 89' lang='lat' dir='ltr'>acciperet</span> <span class='ocrx_word' id='word_1_6' title='bbox 611 488 802 558; x_wconf 79' lang='lat' dir='ltr'>Lavinia¹t</span> <span class='ocrx_word' id='word_1_7' title='bbox 824 491 898 578; x_wconf 91' lang='lat' dir='ltr'>Ego</span> <span class='ocrx_word' id='word_1_8' title='bbox 929 490 1043 580; x_wconf 91' lang='lat' dir='ltr'>potius</span> <span class='ocrx_word' id='word_1_9' title='bbox 1074 493 1232 580; x_wconf 91' lang='lat' dir='ltr'>suspicor</span> <span class='ocrx_word' id='word_1_10' title='bbox 1257 495 1355 562; x_wconf 92' lang='lat' dir='ltr'>illum</span> 
     </span>
     <span class='ocr_line' id='line_1_3' title="bbox 230 592 1357 684; baseline 0.011 -26"><span class='ocrx_word' id='word_1_11' title='bbox 230 592 287 659; x_wconf 88' lang='lat' dir='ltr'>hic</span> <span class='ocrx_word' id='word_1_12' title='bbox 305 593 489 661; x_wconf 88' lang='lat' dir='ltr'>indulsisse</span> <span class='ocrx_word' id='word_1_13' title='bbox 510 595 630 662; x_wconf 89' lang='lat' dir='ltr'>solitae</span> <span class='ocrx_word' id='word_1_14' title='bbox 661 617 744 663; x_wconf 92' lang='lat' dir='ltr'>suae</span> <span class='ocrx_word' id='word_1_15' title='bbox 768 598 802 664; x_wconf 92' lang='lat' dir='ltr'>in</span> <span class='ocrx_word' id='word_1_16' title='bbox 831 596 1028 684; x_wconf 87' lang='lat' dir='ltr'>effingenda</span> <span class='ocrx_word' id='word_1_17' title='bbox 1057 597 1211 683; x_wconf 78' lang='lat' dir='ltr'>imagine</span> <span class='ocrx_word' id='word_1_18' title='bbox 1240 603 1357 671; x_wconf 91' lang='lat' dir='ltr'>unius-</span> 
     </span>
     <span class='ocr_line' id='line_1_4' title="bbox 230 700 1356 792; baseline 0.008 -26"><span class='ocrx_word' id='word_1_19' title='bbox 230 700 399 790; x_wconf 85' lang='lat' dir='ltr'>cujusque</span> <span class='ocrx_word' id='word_1_20' title='bbox 435 700 669 768; x_wconf 78' lang='lat' dir='ltr'>adhibiturum</span> <span class='ocrx_word' id='word_1_21' title='bbox 696 726 923 792; x_wconf 87' lang='lat' dir='ltr'>personarum</span> <span class='ocrx_word' id='word_1_22' title='bbox 948 704 1155 788; x_wconf 81' lang='lat' dir='ltr'>industriae,</span> <span class='ocrx_word' id='word_1_23' title='bbox 1175 707 1232 772; x_wconf 92' lang='lat' dir='ltr'>vel</span> <span class='ocrx_word' id='word_1_24' title='bbox 1252 709 1356 775; x_wconf 88' lang='lat' dir='ltr'>etiam</span> 
     </span>
     <span class='ocr_line' id='line_1_5' title="bbox 228 808 1358 899; baseline 0.008 -26"><span class='ocrx_word' id='word_1_25' title='bbox 228 808 403 874; x_wconf 89' lang='lat' dir='ltr'>interdum</span> <span class='ocrx_word' id='word_1_26' title='bbox 435 831 513 876; x_wconf 91' lang='lat' dir='ltr'>cum</span> <span class='ocrx_word' id='word_1_27' title='bbox 542 809 692 899; x_wconf 89' lang='lat' dir='ltr'>quodam</span> <span class='ocrx_word' id='word_1_28' title='bbox 721 811 837 881; x_wconf 86' lang='lat' dir='ltr'>herois</span> <span class='ocrx_word' id='word_1_29' title='bbox 870 814 921 879; x_wconf 92' lang='lat' dir='ltr'>sui</span> <span class='ocrx_word' id='word_1_30' title='bbox 951 811 1168 878; x_wconf 90' lang='lat' dir='ltr'>detrimento.</span> <span class='ocrx_word' id='word_1_31' title='bbox 1201 813 1277 881; x_wconf 95' lang='lat' dir='ltr'>Hoc</span> <span class='ocrx_word' id='word_1_32' title='bbox 1307 822 1358 882; x_wconf 90' lang='lat' dir='ltr'>est</span> 
     </span>
     <span class='ocr_line' id='line_1_6' title="bbox 230 917 1355 1004; baseline 0.007 -23"><span class='ocrx_word' id='word_1_33' title='bbox 230 917 323 981; x_wconf 89' lang='lat' dir='ltr'>enim</span> <span class='ocrx_word' id='word_1_34' title='bbox 361 917 446 982; x_wconf 85' lang='lat' dir='ltr'>mire</span> <span class='ocrx_word' id='word_1_35' title='bbox 484 938 677 1003; x_wconf 89' lang='lat' dir='ltr'>congruum</span> <span class='ocrx_word' id='word_1_36' title='bbox 714 917 823 984; x_wconf 90' lang='lat' dir='ltr'>indoli</span> <span class='ocrx_word' id='word_1_37' title='bbox 858 941 898 984; x_wconf 90' lang='lat' dir='ltr'>ac</span> <span class='ocrx_word' id='word_1_38' title='bbox 936 919 1129 985; x_wconf 92' lang='lat' dir='ltr'>condicioni</span> <span class='ocrx_word' id='word_1_39' title='bbox 1166 920 1355 1004; x_wconf 90' lang='lat' dir='ltr'>Laviniae,</span> 
     </span>
     <span class='ocr_line' id='line_1_7' title="bbox 230 1023 1357 1119; baseline 0.008 -31"><span class='ocrx_word' id='word_1_40' title='bbox 230 1023 350 1112; x_wconf 91' lang='lat' dir='ltr'>quales</span> <span class='ocrx_word' id='word_1_41' title='bbox 372 1028 554 1114; x_wconf 88' lang='lat' dir='ltr'>utramque</span> <span class='ocrx_word' id='word_1_42' title='bbox 572 1030 673 1091; x_wconf 91' lang='lat' dir='ltr'>antea</span> <span class='ocrx_word' id='word_1_43' title='bbox 688 1025 837 1111; x_wconf 87' lang='lat' dir='ltr'>subjecit</span> <span class='ocrx_word' id='word_1_44' title='bbox 849 1025 956 1092; x_wconf 91' lang='lat' dir='ltr'>oculis</span> <span class='ocrx_word' id='word_1_45' title='bbox 978 1026 1104 1095; x_wconf 92' lang='lat' dir='ltr'>nostris</span> <span class='ocrx_word' id='word_1_46' title='bbox 1125 1033 1240 1116; x_wconf 88' lang='lat' dir='ltr'>poeta,</span> <span class='ocrx_word' id='word_1_47' title='bbox 1261 1031 1357 1119; x_wconf 92' lang='lat' dir='ltr'>quod</span> 
     </span>
     <span class='ocr_line' id='line_1_8' title="bbox 229 1130 1357 1227; baseline 0.006 -31"><span class='ocrx_word' id='word_1_48' title='bbox 229 1130 384 1196; x_wconf 89' lang='lat' dir='ltr'>aTurno</span> <span class='ocrx_word' id='word_1_49' title='bbox 409 1131 540 1220; x_wconf 78' lang='lat' dir='ltr'>potiuS,</span> <span class='ocrx_word' id='word_1_50' title='bbox 568 1132 632 1197; x_wconf 92' lang='lat' dir='ltr'>etsi</span> <span class='ocrx_word' id='word_1_51' title='bbox 656 1132 746 1198; x_wconf 89' lang='lat' dir='ltr'>cladi</span> <span class='ocrx_word' id='word_1_52' title='bbox 768 1134 939 1227; x_wconf 87' lang='lat' dir='ltr'>mortique</span> <span class='ocrx_word' id='word_1_53' title='bbox 967 1139 1162 1200; x_wconf 89' lang='lat' dir='ltr'>reservatus</span> <span class='ocrx_word' id='word_1_54' title='bbox 1193 1136 1254 1217; x_wconf 91' lang='lat' dir='ltr'>sit,</span> <span class='ocrx_word' id='word_1_55' title='bbox 1288 1159 1357 1204; x_wconf 93' lang='lat' dir='ltr'>non</span> 
     </span>
     <span class='ocr_line' id='line_1_9' title="bbox 230 1236 1359 1332; baseline 0.007 -30"><span class='ocrx_word' id='word_1_56' title='bbox 230 1236 359 1305; x_wconf 89' lang='lat' dir='ltr'>alienos</span> <span class='ocrx_word' id='word_1_57' title='bbox 387 1237 516 1304; x_wconf 87' lang='lat' dir='ltr'>habeat</span> <span class='ocrx_word' id='word_1_58' title='bbox 548 1239 695 1322; x_wconf 89' lang='lat' dir='ltr'>animos,</span> <span class='ocrx_word' id='word_1_59' title='bbox 726 1262 840 1328; x_wconf 89' lang='lat' dir='ltr'>neque</span> <span class='ocrx_word' id='word_1_60' title='bbox 872 1262 991 1309; x_wconf 91' lang='lat' dir='ltr'>rursus</span> <span class='ocrx_word' id='word_1_61' title='bbox 1019 1240 1150 1306; x_wconf 90' lang='lat' dir='ltr'>nubere</span> <span class='ocrx_word' id='word_1_62' title='bbox 1180 1243 1301 1332; x_wconf 90' lang='lat' dir='ltr'>cupiat</span> <span class='ocrx_word' id='word_1_63' title='bbox 1328 1245 1359 1310; x_wconf 93' lang='lat' dir='ltr'>ei</span> 
     </span>
     <span class='ocr_line' id='line_1_10' title="bbox 130 1344 893 1435; baseline 0.005 -26"><span class='ocrx_word' id='word_1_64' title='bbox 130 1423 133 1426; x_wconf 9' lang='grc' dir='ltr'><em>Α</em></span> <span class='ocrx_word' id='word_1_65' title='bbox 230 1345 285 1410; x_wconf 84' lang='grc'>661</span> <span class='ocrx_word' id='word_1_66' title='bbox 303 1344 346 1410; x_wconf 93' lang='lat' dir='ltr'>de</span> <span class='ocrx_word' id='word_1_67' title='bbox 365 1344 426 1411; x_wconf 86' lang='lat' dir='ltr'>lati</span> <span class='ocrx_word' id='word_1_68' title='bbox 446 1346 649 1412; x_wconf 77' lang='lat' dir='ltr'>necessitate</span> <span class='ocrx_word' id='word_1_69' title='bbox 668 1351 821 1435; x_wconf 78' lang='lat' dir='ltr'>nuptura</span> <span class='ocrx_word' id='word_1_70' title='bbox 840 1348 893 1427; x_wconf 85' lang='lat' dir='ltr'>sit.</span> 
     </span>
    </p>

    <p class='ocr_par' dir='ltr' id='par_1_3' title="bbox 227 1439 1360 1643">
     <span class='ocr_line' id='line_1_11' title="bbox 273 1439 1360 1543; baseline 0.005 -24"><span class='ocrx_word' id='word_1_71' title='bbox 273 1439 408 1519; x_wconf 83' lang='lat' dir='ltr'>Etenim</span> <span class='ocrx_word' id='word_1_72' title='bbox 426 1452 564 1542; x_wconf 86' lang='lat' dir='ltr'>quando</span> <span class='ocrx_word' id='word_1_73' title='bbox 583 1453 728 1520; x_wconf 88' lang='lat' dir='ltr'>Amatae</span> <span class='ocrx_word' id='word_1_74' title='bbox 747 1453 816 1520; x_wconf 88' lang='lat' dir='ltr'>tilia</span> <span class='ocrx_word' id='word_1_75' title='bbox 832 1458 910 1543; x_wconf 93' lang='lat' dir='ltr'>post</span> <span class='ocrx_word' id='word_1_76' title='bbox 930 1455 1134 1523; x_wconf 86' lang='lat' dir='ltr'>exstinctum</span> <span class='ocrx_word' id='word_1_77' title='bbox 1149 1455 1309 1522; x_wconf 88' lang='lat' dir='ltr'>Turnum</span> <span class='ocrx_word' id='word_1_78' title='bbox 1326 1465 1360 1524; x_wconf 90' lang='lat' dir='ltr'>et</span> 
     </span>
     <span class='ocr_line' id='line_1_12' title="bbox 227 1558 1358 1643; baseline 0.004 -18"><span class='ocrx_word' id='word_1_79' title='bbox 227 1558 380 1627; x_wconf 89' lang='lat' dir='ltr'>devictos</span> <span class='ocrx_word' id='word_1_80' title='bbox 404 1558 562 1641; x_wconf 89' lang='lat' dir='ltr'>Latinos,</span> <span class='ocrx_word' id='word_1_81' title='bbox 584 1561 722 1643; x_wconf 87' lang='lat' dir='ltr'>marito,</span> <span class='ocrx_word' id='word_1_82' title='bbox 741 1583 809 1626; x_wconf 94' lang='lat' dir='ltr'>non</span> <span class='ocrx_word' id='word_1_83' title='bbox 832 1583 914 1626; x_wconf 91' lang='lat' dir='ltr'>sane</span> <span class='ocrx_word' id='word_1_84' title='bbox 938 1561 1065 1643; x_wconf 90' lang='lat' dir='ltr'>inviso,</span> <span class='ocrx_word' id='word_1_85' title='bbox 1087 1585 1207 1628; x_wconf 90' lang='lat' dir='ltr'>verum</span> <span class='ocrx_word' id='word_1_86' title='bbox 1231 1563 1358 1631; x_wconf 88' lang='lat' dir='ltr'>saltem</span> 
     </span>
    </p>

    <p class='ocr_par' dir='ltr' id='par_1_4' title="bbox 167 1667 1358 2829">
     <span class='ocr_line' id='line_1_13' title="bbox 226 1667 1355 1757; baseline 0 -25"><span class='ocrx_word' id='word_1_87' title='bbox 226 1667 387 1756; x_wconf 89' lang='lat' dir='ltr'>imposito</span> <span class='ocrx_word' id='word_1_88' title='bbox 422 1689 535 1757; x_wconf 90' lang='lat' dir='ltr'>neque</span> <span class='ocrx_word' id='word_1_89' title='bbox 569 1668 664 1757; x_wconf 86' lang='lat' dir='ltr'>prius</span> <span class='ocrx_word' id='word_1_90' title='bbox 700 1667 826 1734; x_wconf 90' lang='lat' dir='ltr'>dilecto</span> <span class='ocrx_word' id='word_1_91' title='bbox 865 1695 881 1728; x_wconf 90' lang='lat'>«</span> <span class='ocrx_word' id='word_1_92' title='bbox 913 1667 1076 1734; x_wconf 87' lang='lat' dir='ltr'>habenda</span> <span class='ocrx_word' id='word_1_93' title='bbox 1107 1696 1123 1728; x_wconf 89' lang='lat'>«</span> <span class='ocrx_word' id='word_1_94' title='bbox 1156 1669 1279 1736; x_wconf 71' lang='lat' dir='ltr'>cedet²</span> <span class='ocrx_word' id='word_1_95' title='bbox 1320 1693 1355 1746; x_wconf 72' lang='grc' dir='ltr'>»ς</span> 
     </span>
     <span class='ocr_line' id='line_1_14' title="bbox 167 1756 1357 1865; baseline 0.005 -26"><span class='ocrx_word' id='word_1_96' title='bbox 167 1756 169 1760; x_wconf 40' lang='grc'><strong>’</strong></span> <span class='ocrx_word' id='word_1_97' title='bbox 227 1773 435 1863; x_wconf 86' lang='lat' dir='ltr'>quandoque</span> <span class='ocrx_word' id='word_1_98' title='bbox 455 1775 560 1857; x_wconf 90' lang='lat' dir='ltr'>tristi,</span> <span class='ocrx_word' id='word_1_99' title='bbox 582 1779 620 1840; x_wconf 94' lang='lat' dir='ltr'>ut</span> <span class='ocrx_word' id='word_1_100' title='bbox 648 1776 785 1864; x_wconf 89' lang='lat' dir='ltr'>opinor,</span> <span class='ocrx_word' id='word_1_101' title='bbox 807 1774 929 1841; x_wconf 89' lang='lat' dir='ltr'>habitu</span> <span class='ocrx_word' id='word_1_102' title='bbox 957 1774 1142 1865; x_wconf 91' lang='lat' dir='ltr'>oculosque</span> <span class='ocrx_word' id='word_1_103' title='bbox 1172 1804 1187 1836; x_wconf 92' lang='lat'>«</span> <span class='ocrx_word' id='word_1_104' title='bbox 1217 1776 1357 1864; x_wconf 86' lang='lat' dir='ltr'>dejecta</span> 
     </span>
     <span class='ocr_line' id='line_1_15' title="bbox 228 1879 1358 1973; baseline 0.005 -27"><span class='ocrx_word' id='word_1_105' title='bbox 228 1879 371 1946; x_wconf 89' lang='lat' dir='ltr'>decoros</span> <span class='ocrx_word' id='word_1_106' title='bbox 394 1909 410 1942; x_wconf 83' lang='lat' dir='ltr'>n</span> <span class='ocrx_word' id='word_1_107' title='bbox 432 1883 664 1950; x_wconf 87' lang='lat' dir='ltr'>necessarium</span> <span class='ocrx_word' id='word_1_108' title='bbox 689 1881 731 1948; x_wconf 89' lang='lat' dir='ltr'>ad</span> <span class='ocrx_word' id='word_1_109' title='bbox 751 1883 1000 1970; x_wconf 78' lang='lat' dir='ltr'>hymenaeum,</span> <span class='ocrx_word' id='word_1_110' title='bbox 1019 1881 1149 1971; x_wconf 89' lang='lat' dir='ltr'>absque</span> <span class='ocrx_word' id='word_1_111' title='bbox 1168 1883 1222 1949; x_wconf 91' lang='lat' dir='ltr'>ira</span> <span class='ocrx_word' id='word_1_112' title='bbox 1239 1883 1358 1973; x_wconf 88' lang='lat' dir='ltr'>(irasci</span> 
     </span>
     <span class='ocr_line' id='line_1_16' title="bbox 228 1988 1356 2076; baseline 0.005 -23"><span class='ocrx_word' id='word_1_113' title='bbox 228 2010 296 2054; x_wconf 91' lang='lat' dir='ltr'>non</span> <span class='ocrx_word' id='word_1_114' title='bbox 326 1988 477 2074; x_wconf 82' lang='lat' dir='ltr'>audeat),</span> <span class='ocrx_word' id='word_1_115' title='bbox 510 1989 571 2054; x_wconf 91' lang='lat' dir='ltr'>sed</span> <span class='ocrx_word' id='word_1_116' title='bbox 600 1989 672 2054; x_wconf 90' lang='lat' dir='ltr'>sine</span> <span class='ocrx_word' id='word_1_117' title='bbox 702 1988 816 2054; x_wconf 89' lang='lat' dir='ltr'>studio</span> <span class='ocrx_word' id='word_1_118' title='bbox 845 1995 905 2055; x_wconf 88' lang='lat' dir='ltr'>aut</span> <span class='ocrx_word' id='word_1_119' title='bbox 932 1988 1060 2076; x_wconf 90' lang='lat' dir='ltr'>gaudio</span> <span class='ocrx_word' id='word_1_120' title='bbox 1083 1990 1166 2073; x_wconf 86' lang='lat' dir='ltr'>ibit,</span> <span class='ocrx_word' id='word_1_121' title='bbox 1196 2028 1242 2040; x_wconf 90' lang='lat'>—</span> <span class='ocrx_word' id='word_1_122' title='bbox 1271 1997 1356 2060; x_wconf 91' lang='lat' dir='ltr'>tunc</span> 
     </span>
     <span class='ocr_line' id='line_1_17' title="bbox 227 2095 1355 2184; baseline 0.004 -23"><span class='ocrx_word' id='word_1_123' title='bbox 227 2095 342 2178; x_wconf 89' lang='lat' dir='ltr'>etiam,</span> <span class='ocrx_word' id='word_1_124' title='bbox 364 2101 446 2161; x_wconf 90' lang='lat' dir='ltr'>tunc</span> <span class='ocrx_word' id='word_1_125' title='bbox 466 2096 613 2162; x_wconf 77' lang='lat' dir='ltr'>inanime</span> <span class='ocrx_word' id='word_1_126' title='bbox 630 2096 696 2161; x_wconf 89' lang='lat' dir='ltr'>sihi</span> <span class='ocrx_word' id='word_1_127' title='bbox 714 2097 782 2184; x_wconf 89' lang='lat' dir='ltr'>ipsi</span> <span class='ocrx_word' id='word_1_128' title='bbox 794 2095 996 2183; x_wconf 90' lang='lat' dir='ltr'>Vergiliana</span> <span class='ocrx_word' id='word_1_129' title='bbox 1008 2095 1152 2163; x_wconf 91' lang='lat' dir='ltr'>Lavinia</span> <span class='ocrx_word' id='word_1_130' title='bbox 1166 2099 1355 2183; x_wconf 85' lang='lat' dir='ltr'>constabit,</span> 
     </span>
     <span class='ocr_line' id='line_1_18' title="bbox 227 2202 1354 2293; baseline 0.002 -22"><span class='ocrx_word' id='word_1_131' title='bbox 227 2203 448 2292; x_wconf 87' lang='lat' dir='ltr'>servabitque</span> <span class='ocrx_word' id='word_1_132' title='bbox 469 2207 586 2292; x_wconf 90' lang='lat' dir='ltr'>partes</span> <span class='ocrx_word' id='word_1_133' title='bbox 607 2226 664 2270; x_wconf 91' lang='lat' dir='ltr'>eas</span> <span class='ocrx_word' id='word_1_134' title='bbox 684 2225 770 2293; x_wconf 91' lang='lat' dir='ltr'>quas</span> <span class='ocrx_word' id='word_1_135' title='bbox 788 2223 926 2292; x_wconf 84' lang='lat' dir='ltr'>semper</span> <span class='ocrx_word' id='word_1_136' title='bbox 944 2202 1040 2269; x_wconf 91' lang='lat' dir='ltr'>illam</span> <span class='ocrx_word' id='word_1_137' title='bbox 1060 2205 1229 2272; x_wconf 90' lang='lat' dir='ltr'>sustinere</span> <span class='ocrx_word' id='word_1_138' title='bbox 1250 2207 1354 2273; x_wconf 91' lang='lat' dir='ltr'>nobis</span> 
     </span>
     <span class='ocr_line' id='line_1_19' title="bbox 226 2309 1354 2401; baseline 0.003 -25"><span class='ocrx_word' id='word_1_139' title='bbox 226 2311 376 2377; x_wconf 85' lang='lat' dir='ltr'>ostendit</span> <span class='ocrx_word' id='word_1_140' title='bbox 394 2315 510 2401; x_wconf 90' lang='lat' dir='ltr'>poeta,</span> <span class='ocrx_word' id='word_1_141' title='bbox 531 2315 648 2399; x_wconf 88' lang='lat' dir='ltr'>partes</span> <span class='ocrx_word' id='word_1_142' title='bbox 668 2309 745 2378; x_wconf 93' lang='lat' dir='ltr'>dieo</span> <span class='ocrx_word' id='word_1_143' title='bbox 761 2338 776 2372; x_wconf 87' lang='lat'>«</span> <span class='ocrx_word' id='word_1_144' title='bbox 791 2309 947 2376; x_wconf 83' lang='lat' dir='ltr'>victimae</span> <span class='ocrx_word' id='word_1_145' title='bbox 969 2337 985 2372; x_wconf 79' lang='lat' dir='ltr'>a</span> <span class='ocrx_word' id='word_1_146' title='bbox 1006 2310 1199 2397; x_wconf 87' lang='lat' dir='ltr'>cujusdam.</span> <span class='ocrx_word' id='word_1_147' title='bbox 1221 2313 1354 2379; x_wconf 84' lang='lat' dir='ltr'>-Ah-</span> 
     </span>
     <span class='ocr_line' id='line_1_20' title="bbox 225 2415 1351 2507; baseline 0.006 -24"><span class='ocrx_word' id='word_1_148' title='bbox 225 2417 268 2483; x_wconf 90' lang='lat' dir='ltr'>sit</span> <span class='ocrx_word' id='word_1_149' title='bbox 295 2417 399 2505; x_wconf 86' lang='lat' dir='ltr'>hujus</span> <span class='ocrx_word' id='word_1_150' title='bbox 430 2417 527 2483; x_wconf 89' lang='lat' dir='ltr'>verbi</span> <span class='ocrx_word' id='word_1_151' title='bbox 549 2417 710 2484; x_wconf 90' lang='lat' dir='ltr'>insolenti</span> <span class='ocrx_word' id='word_1_152' title='bbox 734 2416 829 2507; x_wconf 92' lang='lat' dir='ltr'>apud</span> <span class='ocrx_word' id='word_1_153' title='bbox 856 2415 997 2485; x_wconf 87' lang='lat' dir='ltr'>Latinos</span> <span class='ocrx_word' id='word_1_154' title='bbox 1030 2418 1146 2484; x_wconf 78' lang='lat' dir='ltr'>sensui</span> <span class='ocrx_word' id='word_1_155' title='bbox 1169 2417 1351 2490; x_wconf 77' lang='lat' dir='ltr'>invidia³:</span> 
     </span>
     <span class='ocr_line' id='line_1_21' title="bbox 225 2525 1353 2614; baseline 0.004 -24"><span class='ocrx_word' id='word_1_156' title='bbox 225 2547 293 2613; x_wconf 92' lang='lat' dir='ltr'>quo</span> <span class='ocrx_word' id='word_1_157' title='bbox 313 2525 454 2614; x_wconf 89' lang='lat' dir='ltr'>quidem</span> <span class='ocrx_word' id='word_1_158' title='bbox 479 2545 544 2610; x_wconf 89' lang='lat' dir='ltr'>ego</span> <span class='ocrx_word' id='word_1_159' title='bbox 563 2525 686 2591; x_wconf 89' lang='lat' dir='ltr'>melius</span> <span class='ocrx_word' id='word_1_160' title='bbox 717 2525 908 2614; x_wconf 87' lang='lat' dir='ltr'>exprimere</span> <span class='ocrx_word' id='word_1_161' title='bbox 935 2546 1105 2614; x_wconf 86' lang='lat' dir='ltr'>nequeam</span> <span class='ocrx_word' id='word_1_162' title='bbox 1125 2529 1159 2590; x_wconf 87' lang='lat' dir='ltr'>et</span> <span class='ocrx_word' id='word_1_163' title='bbox 1187 2526 1296 2591; x_wconf 87' lang='lat' dir='ltr'>animi</span> <span class='ocrx_word' id='word_1_164' title='bbox 1318 2535 1353 2595; x_wconf 87' lang='lat' dir='ltr'>et</span> 
     </span>
     <span class='ocr_line' id='line_1_22' title="bbox 225 2631 1350 2722; baseline 0.004 -25"><span class='ocrx_word' id='word_1_165' title='bbox 225 2633 379 2722; x_wconf 91' lang='lat' dir='ltr'>corporis</span> <span class='ocrx_word' id='word_1_166' title='bbox 404 2633 520 2718; x_wconf 82' lang='lat' dir='ltr'>regiae</span> <span class='ocrx_word' id='word_1_167' title='bbox 541 2632 683 2719; x_wconf 87' lang='lat' dir='ltr'>virginis</span> <span class='ocrx_word' id='word_1_168' title='bbox 703 2632 853 2716; x_wconf 90' lang='lat' dir='ltr'>vultum,</span> <span class='ocrx_word' id='word_1_169' title='bbox 876 2631 1014 2720; x_wconf 87' lang='lat' dir='ltr'>qualem</span> <span class='ocrx_word' id='word_1_170' title='bbox 1032 2631 1185 2719; x_wconf 86' lang='lat' dir='ltr'>Vergilio</span> <span class='ocrx_word' id='word_1_171' title='bbox 1205 2639 1350 2701; x_wconf 90' lang='lat' dir='ltr'>auctore</span> 
     </span>
     <span class='ocr_line' id='line_1_23' title="bbox 224 2739 415 2829; baseline 0.01 -25"><span class='ocrx_word' id='word_1_172' title='bbox 224 2741 380 2829; x_wconf 89' lang='lat' dir='ltr'>concipio</span> <span class='ocrx_word' id='word_1_173' title='bbox 393 2739 415 2806; x_wconf 74' lang='lat'>⁸.</span> 
     </span>
    </p>
   </div>
   <div class='ocr_carea' id='block_1_3' title="bbox 219 2949 1353 4165">
    <p class='ocr_par' dir='ltr' id='par_1_5' title="bbox 255 2949 1057 3022">
     <span class='ocr_line' id='line_1_24' title="bbox 255 2949 1057 3022; baseline 0 -13"><span class='ocrx_word' id='word_1_174' title='bbox 255 2960 333 3010; x_wconf 72' lang='lat' dir='ltr'>act.</span> <span class='ocrx_word' id='word_1_175' title='bbox 351 2961 415 3010; x_wconf 81' lang='lat' dir='ltr'>Aen.</span> <span class='ocrx_word' id='word_1_176' title='bbox 431 2959 461 3014; x_wconf 84' lang='grc'>11,</span> <span class='ocrx_word' id='word_1_177' title='bbox 475 2958 596 3011; x_wconf 70' lang='lat' dir='ltr'>raa-rat:</span> <span class='ocrx_word' id='word_1_178' title='bbox 613 2949 792 3021; x_wconf 86' lang='lat' dir='ltr'>illic.....regia</span> <span class='ocrx_word' id='word_1_179' title='bbox 802 2960 892 3022; x_wconf 83' lang='lat' dir='ltr'>conjux</span> <span class='ocrx_word' id='word_1_180' title='bbox 907 2961 990 3010; x_wconf 86' lang='lat' dir='ltr'>Parta</span> <span class='ocrx_word' id='word_1_181' title='bbox 1004 2961 1057 3009; x_wconf 88' lang='lat' dir='ltr'>tihi.</span> 
     </span>
    </p>

    <p class='ocr_par' dir='ltr' id='par_1_6' title="bbox 253 3029 1346 3095">
     <span class='ocr_line' id='line_1_25' title="bbox 253 3029 1346 3095; baseline 0.004 -14"><span class='ocrx_word' id='word_1_182' title='bbox 253 3033 277 3083; x_wconf 74' lang='lat'>2.</span> <span class='ocrx_word' id='word_1_183' title='bbox 294 3031 329 3081; x_wconf 91' lang='lat' dir='ltr'>Cl.</span> <span class='ocrx_word' id='word_1_184' title='bbox 353 3032 416 3080; x_wconf 81' lang='lat' dir='ltr'>Aen.</span> <span class='ocrx_word' id='word_1_185' title='bbox 434 3030 475 3091; x_wconf 95' lang='grc'><strong>111,</strong></span> <span class='ocrx_word' id='word_1_186' title='bbox 496 3029 559 3091; x_wconf 73' lang='lat'>3293</span> <span class='ocrx_word' id='word_1_187' title='bbox 575 3029 632 3092; x_wconf 90' lang='lat' dir='ltr'>Xll,</span> <span class='ocrx_word' id='word_1_188' title='bbox 654 3031 696 3078; x_wconf 78' lang='lat'>17:</span> <span class='ocrx_word' id='word_1_189' title='bbox 718 3031 794 3080; x_wconf 86' lang='lat' dir='ltr'>cedat</span> <span class='ocrx_word' id='word_1_190' title='bbox 808 3031 910 3080; x_wconf 88' lang='lat' dir='ltr'>Lavinia</span> <span class='ocrx_word' id='word_1_191' title='bbox 924 3033 1022 3093; x_wconf 78' lang='lat' dir='ltr'>conjnx.</span> <span class='ocrx_word' id='word_1_192' title='bbox 1043 3032 1078 3081; x_wconf 82' lang='lat' dir='ltr'>ct.</span> <span class='ocrx_word' id='word_1_193' title='bbox 1095 3033 1136 3095; x_wconf 92' lang='lat' dir='ltr'>Ill,</span> <span class='ocrx_word' id='word_1_194' title='bbox 1146 3031 1201 3093; x_wconf 78' lang='grc'><strong>291,</strong></span> <span class='ocrx_word' id='word_1_195' title='bbox 1216 3031 1273 3094; x_wconf 82' lang='lat'>329,</span> <span class='ocrx_word' id='word_1_196' title='bbox 1288 3034 1346 3086; x_wconf 75' lang='lat'><strong>332.</strong></span> 
     </span>
    </p>

    <p class='ocr_par' dir='ltr' id='par_1_7' title="bbox 252 3102 969 3164">
     <span class='ocr_line' id='line_1_26' title="bbox 252 3102 969 3164; baseline 0.001 -12"><span class='ocrx_word' id='word_1_197' title='bbox 252 3104 277 3154; x_wconf 88' lang='lat'>3.</span> <span class='ocrx_word' id='word_1_198' title='bbox 296 3103 331 3154; x_wconf 85' lang='lat' dir='ltr'>Ct.</span> <span class='ocrx_word' id='word_1_199' title='bbox 349 3107 428 3150; x_wconf 87' lang='lat' dir='ltr'>tamen</span> <span class='ocrx_word' id='word_1_200' title='bbox 441 3103 574 3150; x_wconf 84' lang='lat' dir='ltr'>viciniores</span> <span class='ocrx_word' id='word_1_201' title='bbox 584 3102 777 3164; x_wconf 82' lang='lat' dir='ltr'>significationes</span> <span class='ocrx_word' id='word_1_202' title='bbox 792 3103 855 3164; x_wconf 87' lang='lat' dir='ltr'>apud</span> <span class='ocrx_word' id='word_1_203' title='bbox 867 3103 969 3153; x_wconf 83' lang='lat' dir='ltr'>Facunn.</span> 
     </span>
    </p>

    <p class='ocr_par' dir='ltr' id='par_1_8' title="bbox 219 3172 1353 4165">
     <span class='ocr_line' id='line_1_27' title="bbox 253 3172 1353 3235; baseline 0.003 -12"><span class='ocrx_word' id='word_1_204' title='bbox 253 3175 276 3226; x_wconf 81' lang='lat'>4.</span> <span class='ocrx_word' id='word_1_205' title='bbox 295 3175 331 3225; x_wconf 80' lang='lat' dir='ltr'>ct.</span> <span class='ocrx_word' id='word_1_206' title='bbox 349 3175 371 3223; x_wconf 87' lang='grc'>1.</span> <span class='ocrx_word' id='word_1_207' title='bbox 393 3174 483 3232; x_wconf 68' lang='lat' dir='ltr'>Henna,</span> <span class='ocrx_word' id='word_1_208' title='bbox 496 3172 635 3230; x_wconf 83' lang='lat' dir='ltr'>Aeneidea,</span> <span class='ocrx_word' id='word_1_209' title='bbox 659 3177 676 3220; x_wconf 87' lang='lat' dir='ltr'>t.</span> <span class='ocrx_word' id='word_1_210' title='bbox 694 3173 724 3233; x_wconf 92' lang='lat' dir='ltr'>ll,</span> <span class='ocrx_word' id='word_1_211' title='bbox 745 3188 769 3235; x_wconf 93' lang='lat' dir='ltr'>p.</span> <span class='ocrx_word' id='word_1_212' title='bbox 794 3172 853 3221; x_wconf 72' lang='lat'>634:</span> <span class='ocrx_word' id='word_1_213' title='bbox 876 3174 1353 3234; x_wconf 77' lang='grc'><strong>6066661116616616616611666661</strong></span> 
     </span>
     <span class='ocr_line' id='line_1_28' title="bbox 223 3243 1348 3312; baseline 0.003 -18"><span class='ocrx_word' id='word_1_214' title='bbox 223 3245 325 3310; x_wconf 71' lang='lat' dir='ltr'>enough</span> <span class='ocrx_word' id='word_1_215' title='bbox 342 3249 367 3293; x_wconf 92' lang='lat' dir='ltr'>to</span> <span class='ocrx_word' id='word_1_216' title='bbox 381 3248 514 3307; x_wconf 78' lang='lat' dir='ltr'>represent</span> <span class='ocrx_word' id='word_1_217' title='bbox 528 3243 574 3292; x_wconf 89' lang='lat' dir='ltr'>her</span> <span class='ocrx_word' id='word_1_218' title='bbox 581 3259 610 3292; x_wconf 82' lang='lat' dir='ltr'>ae</span> <span class='ocrx_word' id='word_1_219' title='bbox 625 3258 641 3292; x_wconf 89' lang='lat' dir='ltr'>a</span> <span class='ocrx_word' id='word_1_220' title='bbox 655 3259 723 3292; x_wconf 90' lang='lat' dir='ltr'>mere</span> <span class='ocrx_word' id='word_1_221' title='bbox 743 3244 847 3308; x_wconf 75' lang='lat' dir='ltr'>cypher,</span> <span class='ocrx_word' id='word_1_222' title='bbox 864 3248 961 3311; x_wconf 83' lang='grc'><strong>661666</strong></span> <span class='ocrx_word' id='word_1_223' title='bbox 977 3248 1009 3309; x_wconf 88' lang='grc'>61</span> <span class='ocrx_word' id='word_1_224' title='bbox 1018 3248 1155 3309; x_wconf 86' lang='lat' dir='ltr'>furnitnre</span> <span class='ocrx_word' id='word_1_225' title='bbox 1166 3247 1285 3297; x_wconf 81' lang='lat' dir='ltr'>destined</span> <span class='ocrx_word' id='word_1_226' title='bbox 1302 3250 1348 3312; x_wconf 85' lang='grc'>166</span> 
     </span>
     <span class='ocr_line' id='line_1_29' title="bbox 224 3314 1345 3384; baseline 0.001 -16"><span class='ocrx_word' id='word_1_227' title='bbox 224 3318 266 3368; x_wconf 90' lang='lat' dir='ltr'>the</span> <span class='ocrx_word' id='word_1_228' title='bbox 281 3332 356 3380; x_wconf 84' lang='lat' dir='ltr'>camp</span> <span class='ocrx_word' id='word_1_229' title='bbox 372 3317 404 3379; x_wconf 90' lang='grc'>61</span> <span class='ocrx_word' id='word_1_230' title='bbox 419 3314 503 3364; x_wconf 85' lang='lat' dir='ltr'>which</span> <span class='ocrx_word' id='word_1_231' title='bbox 518 3317 623 3378; x_wconf 86' lang='grc'><strong>666661</strong></span> <span class='ocrx_word' id='word_1_232' title='bbox 637 3315 680 3363; x_wconf 89' lang='lat' dir='ltr'>the</span> <span class='ocrx_word' id='word_1_233' title='bbox 699 3315 769 3365; x_wconf 86' lang='lat' dir='ltr'>rival</span> <span class='ocrx_word' id='word_1_234' title='bbox 791 3315 875 3379; x_wconf 77' lang='lat' dir='ltr'>chiese</span> <span class='ocrx_word' id='word_1_235' title='bbox 895 3318 1145 3381; x_wconf 78' lang='grc'><strong>16611166166666611</strong></span> <span class='ocrx_word' id='word_1_236' title='bbox 1167 3319 1195 3367; x_wconf 85' lang='lat' dir='ltr'>in</span> <span class='ocrx_word' id='word_1_237' title='bbox 1210 3319 1254 3367; x_wconf 93' lang='lat' dir='ltr'>the</span> <span class='ocrx_word' id='word_1_238' title='bbox 1265 3319 1345 3384; x_wconf 77' lang='grc'><strong>16161,</strong></span> 
     </span>
     <span class='ocr_line' id='line_1_30' title="bbox 222 3386 1346 3455; baseline 0.001 -15"><span class='ocrx_word' id='word_1_239' title='bbox 222 3389 277 3440; x_wconf 89' lang='lat' dir='ltr'>and</span> <span class='ocrx_word' id='word_1_240' title='bbox 289 3387 386 3452; x_wconf 78' lang='lat' dir='ltr'>hardly</span> <span class='ocrx_word' id='word_1_241' title='bbox 400 3387 531 3452; x_wconf 70' lang='lat' dir='ltr'>regarded</span> <span class='ocrx_word' id='word_1_242' title='bbox 546 3387 578 3451; x_wconf 75' lang='lat' dir='ltr'>hy</span> <span class='ocrx_word' id='word_1_243' title='bbox 592 3386 752 3436; x_wconf 78' lang='lat' dir='ltr'>eithereoen</span> <span class='ocrx_word' id='word_1_244' title='bbox 771 3387 877 3436; x_wconf 85' lang='lat' dir='ltr'>withso</span> <span class='ocrx_word' id='word_1_245' title='bbox 893 3388 968 3437; x_wconf 76' lang='lat' dir='ltr'>inzrch</span> <span class='ocrx_word' id='word_1_246' title='bbox 988 3390 1094 3438; x_wconf 81' lang='lat' dir='ltr'>interest</span> <span class='ocrx_word' id='word_1_247' title='bbox 1109 3404 1138 3439; x_wconf 83' lang='grc'>66</span> <span class='ocrx_word' id='word_1_248' title='bbox 1152 3390 1236 3455; x_wconf 70' lang='lat' dir='ltr'>might</span> <span class='ocrx_word' id='word_1_249' title='bbox 1251 3391 1281 3440; x_wconf 84' lang='grc'>16</span> <span class='ocrx_word' id='word_1_250' title='bbox 1302 3409 1346 3441; x_wconf 78' lang='lat' dir='ltr'>ea·-</span> 
     </span>
     <span class='ocr_line' id='line_1_31' title="bbox 219 3458 1345 3527; baseline 0.002 -17"><span class='ocrx_word' id='word_1_251' title='bbox 219 3461 310 3527; x_wconf 77' lang='grc'><strong>666161</strong></span> <span class='ocrx_word' id='word_1_252' title='bbox 328 3464 354 3509; x_wconf 90' lang='grc'>16</span> <span class='ocrx_word' id='word_1_253' title='bbox 369 3458 461 3508; x_wconf 85' lang='lat' dir='ltr'>attach</span> <span class='ocrx_word' id='word_1_254' title='bbox 476 3462 502 3508; x_wconf 89' lang='grc'>16</span> <span class='ocrx_word' id='word_1_255' title='bbox 522 3459 566 3507; x_wconf 86' lang='lat' dir='ltr'>the</span> <span class='ocrx_word' id='word_1_256' title='bbox 576 3458 691 3507; x_wconf 84' lang='lat' dir='ltr'>medinm</span> <span class='ocrx_word' id='word_1_257' title='bbox 706 3461 908 3523; x_wconf 74' lang='grc'><strong>6166616666666</strong></span> <span class='ocrx_word' id='word_1_258' title='bbox 923 3462 955 3524; x_wconf 89' lang='grc'>61</span> <span class='ocrx_word' id='word_1_259' title='bbox 970 3460 1014 3509; x_wconf 87' lang='lat' dir='ltr'>the</span> <span class='ocrx_word' id='word_1_260' title='bbox 1032 3475 1118 3510; x_wconf 85' lang='lat' dir='ltr'>croam</span> <span class='ocrx_word' id='word_1_261' title='bbox 1137 3462 1295 3526; x_wconf 80' lang='grc'><strong>6116116661.</strong></span> <span class='ocrx_word' id='word_1_262' title='bbox 1312 3465 1345 3512; x_wconf 83' lang='lat' dir='ltr'>To</span> 
     </span>
     <span class='ocr_line' id='line_1_32' title="bbox 221 3530 1345 3596; baseline 0 -14"><span class='ocrx_word' id='word_1_263' title='bbox 221 3530 287 3582; x_wconf 88' lang='lat' dir='ltr'>have</span> <span class='ocrx_word' id='word_1_264' title='bbox 304 3533 407 3581; x_wconf 80' lang='lat' dir='ltr'>treated</span> <span class='ocrx_word' id='word_1_265' title='bbox 430 3532 542 3580; x_wconf 84' lang='lat' dir='ltr'>Lacinia</span> <span class='ocrx_word' id='word_1_266' title='bbox 556 3530 702 3588; x_wconf 75' lang='lat' dir='ltr'>otherwise,</span> <span class='ocrx_word' id='word_1_267' title='bbox 721 3534 746 3578; x_wconf 92' lang='lat' dir='ltr'>to</span> <span class='ocrx_word' id='word_1_268' title='bbox 770 3530 835 3579; x_wconf 85' lang='lat' dir='ltr'>have</span> <span class='ocrx_word' id='word_1_269' title='bbox 848 3531 1012 3594; x_wconf 83' lang='lat' dir='ltr'>represented</span> <span class='ocrx_word' id='word_1_270' title='bbox 1027 3530 1071 3582; x_wconf 85' lang='lat' dir='ltr'>her</span> <span class='ocrx_word' id='word_1_271' title='bbox 1091 3547 1121 3582; x_wconf 83' lang='lat' dir='ltr'>aa</span> <span class='ocrx_word' id='word_1_272' title='bbox 1143 3531 1239 3596; x_wconf 66' lang='lat' dir='ltr'>having]</span> <span class='ocrx_word' id='word_1_273' title='bbox 1257 3548 1273 3582; x_wconf 90' lang='grc' dir='ltr'><em>α</em></span> <span class='ocrx_word' id='word_1_274' title='bbox 1288 3535 1345 3583; x_wconf 84' lang='lat' dir='ltr'>mitt</span> 
     </span>
     <span class='ocr_line' id='line_1_33' title="bbox 221 3601 1345 3666; baseline 0.001 -13"><span class='ocrx_word' id='word_1_275' title='bbox 221 3606 254 3666; x_wconf 90' lang='grc'>61</span> <span class='ocrx_word' id='word_1_276' title='bbox 267 3604 313 3652; x_wconf 86' lang='lat' dir='ltr'>her</span> <span class='ocrx_word' id='word_1_277' title='bbox 327 3619 383 3653; x_wconf 85' lang='lat' dir='ltr'>omn</span> <span class='ocrx_word' id='word_1_278' title='bbox 396 3603 451 3652; x_wconf 85' lang='lat' dir='ltr'>and</span> <span class='ocrx_word' id='word_1_279' title='bbox 466 3601 558 3666; x_wconf 70' lang='lat' dir='ltr'>tat-inp</span> <span class='ocrx_word' id='word_1_280' title='bbox 573 3617 633 3651; x_wconf 87' lang='lat' dir='ltr'>even</span> <span class='ocrx_word' id='word_1_281' title='bbox 648 3616 664 3650; x_wconf 87' lang='grc'>6</span> <span class='ocrx_word' id='word_1_282' title='bbox 678 3601 826 3665; x_wconf 80' lang='grc'><strong>6616116661</strong></span> <span class='ocrx_word' id='word_1_283' title='bbox 841 3603 868 3649; x_wconf 85' lang='lat' dir='ltr'>tn</span> <span class='ocrx_word' id='word_1_284' title='bbox 881 3602 924 3650; x_wconf 89' lang='lat' dir='ltr'>the</span> <span class='ocrx_word' id='word_1_285' title='bbox 935 3602 1021 3652; x_wconf 81' lang='lat' dir='ltr'>choico</span> <span class='ocrx_word' id='word_1_286' title='bbox 1038 3605 1070 3666; x_wconf 91' lang='grc'>61</span> <span class='ocrx_word' id='word_1_287' title='bbox 1086 3604 1129 3653; x_wconf 88' lang='lat' dir='ltr'>the</span> <span class='ocrx_word' id='word_1_288' title='bbox 1144 3619 1204 3652; x_wconf 87' lang='lat' dir='ltr'>man</span> <span class='ocrx_word' id='word_1_289' title='bbox 1220 3604 1276 3652; x_wconf 80' lang='lat' dir='ltr'>who</span> <span class='ocrx_word' id='word_1_290' title='bbox 1290 3621 1345 3654; x_wconf 83' lang='lat' dir='ltr'>eoas</span> 
     </span>
     <span class='ocr_line' id='line_1_34' title="bbox 221 3672 1344 3737; baseline 0.003 -14"><span class='ocrx_word' id='word_1_291' title='bbox 221 3678 248 3723; x_wconf 93' lang='lat' dir='ltr'>to</span> <span class='ocrx_word' id='word_1_292' title='bbox 270 3674 358 3724; x_wconf 86' lang='lat' dir='ltr'>heher</span> <span class='ocrx_word' id='word_1_293' title='bbox 379 3673 475 3737; x_wconf 82' lang='grc'><strong>16661111</strong></span> <span class='ocrx_word' id='word_1_294' title='bbox 498 3672 623 3722; x_wconf 79' lang='grc'><strong>1111616611</strong></span> <span class='ocrx_word' id='word_1_295' title='bbox 643 3672 699 3721; x_wconf 87' lang='lat' dir='ltr'>aad</span> <span class='ocrx_word' id='word_1_296' title='bbox 720 3673 763 3721; x_wconf 89' lang='lat' dir='ltr'>the</span> <span class='ocrx_word' id='word_1_297' title='bbox 787 3672 880 3736; x_wconf 81' lang='grc'><strong>161166</strong></span> <span class='ocrx_word' id='word_1_298' title='bbox 903 3676 936 3737; x_wconf 91' lang='grc'>61</span> <span class='ocrx_word' id='word_1_299' title='bbox 955 3673 995 3722; x_wconf 84' lang='lat' dir='ltr'>tn&#39;s</span> <span class='ocrx_word' id='word_1_300' title='bbox 1018 3674 1146 3734; x_wconf 83' lang='lat' dir='ltr'>children,</span> <span class='ocrx_word' id='word_1_301' title='bbox 1163 3674 1252 3725; x_wconf 83' lang='lat' dir='ltr'>would</span> <span class='ocrx_word' id='word_1_302' title='bbox 1276 3676 1344 3726; x_wconf 58' lang='lat' dir='ltr'>herne</span> 
     </span>
     <span class='ocr_line' id='line_1_35' title="bbox 221 3743 1344 3812; baseline 0.003 -17"><span class='ocrx_word' id='word_1_303' title='bbox 221 3746 323 3812; x_wconf 71' lang='lat' dir='ltr'>argued</span> <span class='ocrx_word' id='word_1_304' title='bbox 343 3762 392 3795; x_wconf 88' lang='lat' dir='ltr'>oar</span> <span class='ocrx_word' id='word_1_305' title='bbox 404 3744 523 3794; x_wconf 79' lang='lat' dir='ltr'>natlror’s</span> <span class='ocrx_word' id='word_1_306' title='bbox 537 3747 731 3809; x_wconf 76' lang='lat' dir='ltr'>acquaintance</span> <span class='ocrx_word' id='word_1_307' title='bbox 748 3743 811 3793; x_wconf 87' lang='lat' dir='ltr'>with</span> <span class='ocrx_word' id='word_1_308' title='bbox 835 3744 911 3792; x_wconf 89' lang='lat' dir='ltr'>other</span> <span class='ocrx_word' id='word_1_309' title='bbox 926 3749 1000 3808; x_wconf 74' lang='lat' dir='ltr'>types</span> <span class='ocrx_word' id='word_1_310' title='bbox 1016 3744 1079 3794; x_wconf 89' lang='lat' dir='ltr'>than</span> <span class='ocrx_word' id='word_1_311' title='bbox 1101 3746 1174 3795; x_wconf 84' lang='lat' dir='ltr'>those</span> <span class='ocrx_word' id='word_1_312' title='bbox 1196 3747 1344 3809; x_wconf 77' lang='lat' dir='ltr'>furnished</span> 
     </span>
     <span class='ocr_line' id='line_1_36' title="bbox 221 3815 1343 3883; baseline 0.002 -16"><span class='ocrx_word' id='word_1_313' title='bbox 221 3818 274 3867; x_wconf 88' lang='lat' dir='ltr'>him</span> <span class='ocrx_word' id='word_1_314' title='bbox 290 3819 322 3882; x_wconf 79' lang='lat' dir='ltr'>hy</span> <span class='ocrx_word' id='word_1_315' title='bbox 341 3819 433 3866; x_wconf 83' lang='lat' dir='ltr'>Homer</span> <span class='ocrx_word' id='word_1_316' title='bbox 450 3818 504 3866; x_wconf 86' lang='lat' dir='ltr'>and</span> <span class='ocrx_word' id='word_1_317' title='bbox 520 3815 844 3882; x_wconf 75' lang='grc'><strong>1116666616166966111666,</strong></span> <span class='ocrx_word' id='word_1_318' title='bbox 860 3820 906 3864; x_wconf 90' lang='grc'><strong>616.</strong></span> <span class='ocrx_word' id='word_1_319' title='bbox 920 3834 931 3860; x_wconf 78' lang='lat' dir='ltr'>a</span> <span class='ocrx_word' id='word_1_320' title='bbox 949 3817 1028 3865; x_wconf 81' lang='lat' dir='ltr'>Probe</span> <span class='ocrx_word' id='word_1_321' title='bbox 1043 3818 1142 3875; x_wconf 89' lang='lat' dir='ltr'>dictum,</span> <span class='ocrx_word' id='word_1_322' title='bbox 1160 3823 1258 3881; x_wconf 88' lang='grc'><strong>6666166</strong></span> <span class='ocrx_word' id='word_1_323' title='bbox 1276 3822 1343 3883; x_wconf 84' lang='lat' dir='ltr'>quud</span> 
     </span>
     <span class='ocr_line' id='line_1_37' title="bbox 220 3887 1343 3953; baseline -0.002 -15"><span class='ocrx_word' id='word_1_324' title='bbox 220 3890 353 3953; x_wconf 77' lang='lat' dir='ltr'>Vergilium</span> <span class='ocrx_word' id='word_1_325' title='bbox 368 3895 415 3938; x_wconf 88' lang='grc'><strong>1666</strong></span> <span class='ocrx_word' id='word_1_326' title='bbox 438 3889 552 3951; x_wconf 83' lang='lat' dir='ltr'>religiose</span> <span class='ocrx_word' id='word_1_327' title='bbox 568 3888 619 3935; x_wconf 91' lang='lat' dir='ltr'>sive</span> <span class='ocrx_word' id='word_1_328' title='bbox 636 3887 752 3943; x_wconf 85' lang='grc'><strong>11666666,</strong></span> <span class='ocrx_word' id='word_1_329' title='bbox 769 3888 821 3935; x_wconf 86' lang='grc'><strong>6166</strong></span> <span class='ocrx_word' id='word_1_330' title='bbox 840 3888 935 3949; x_wconf 83' lang='lat' dir='ltr'>graecis</span> <span class='ocrx_word' id='word_1_331' title='bbox 955 3888 1056 3949; x_wconf 80' lang='lat' dir='ltr'>tragicis</span> <span class='ocrx_word' id='word_1_332' title='bbox 1072 3888 1192 3948; x_wconf 85' lang='lat' dir='ltr'>haesisse,</span> <span class='ocrx_word' id='word_1_333' title='bbox 1209 3904 1256 3937; x_wconf 93' lang='lat' dir='ltr'>non</span> <span class='ocrx_word' id='word_1_334' title='bbox 1274 3892 1343 3938; x_wconf 81' lang='lat' dir='ltr'>exis-</span> 
     </span>
     <span class='ocr_line' id='line_1_38' title="bbox 220 3957 1342 4023; baseline 0 -14"><span class='ocrx_word' id='word_1_335' title='bbox 220 3963 293 4021; x_wconf 89' lang='lat' dir='ltr'>timo;</span> <span class='ocrx_word' id='word_1_336' title='bbox 307 3961 385 4023; x_wconf 89' lang='lat' dir='ltr'>deque</span> <span class='ocrx_word' id='word_1_337' title='bbox 400 3961 518 4008; x_wconf 84' lang='lat' dir='ltr'>Nausicaa</span> <span class='ocrx_word' id='word_1_338' title='bbox 533 3973 608 4022; x_wconf 85' lang='lat' dir='ltr'>supra</span> <span class='ocrx_word' id='word_1_339' title='bbox 631 3958 678 4006; x_wconf 90' lang='lat' dir='ltr'>hoc</span> <span class='ocrx_word' id='word_1_340' title='bbox 701 3958 874 4008; x_wconf 89' lang='lat' dir='ltr'>demonstravi.</span> <span class='ocrx_word' id='word_1_341' title='bbox 891 3957 959 4016; x_wconf 86' lang='lat' dir='ltr'>Quod</span> <span class='ocrx_word' id='word_1_342' title='bbox 983 3962 1062 4007; x_wconf 84' lang='lat' dir='ltr'>autem</span> <span class='ocrx_word' id='word_1_343' title='bbox 1081 3961 1167 4008; x_wconf 87' lang='lat' dir='ltr'>attinet</span> <span class='ocrx_word' id='word_1_344' title='bbox 1181 3959 1211 4007; x_wconf 90' lang='lat' dir='ltr'>ad</span> <span class='ocrx_word' id='word_1_345' title='bbox 1231 3963 1342 4023; x_wconf 84' lang='lat' dir='ltr'>tragicos</span> 
     </span>
     <span class='ocr_line' id='line_1_39' title="bbox 220 4026 1342 4094; baseline -0.001 -15"><span class='ocrx_word' id='word_1_346' title='bbox 220 4036 313 4094; x_wconf 88' lang='grc'><strong>666166,</strong></span> <span class='ocrx_word' id='word_1_347' title='bbox 330 4031 468 4093; x_wconf 86' lang='lat' dir='ltr'>Dejaniram</span> <span class='ocrx_word' id='word_1_348' title='bbox 481 4031 555 4077; x_wconf 89' lang='lat' dir='ltr'>solam</span> <span class='ocrx_word' id='word_1_349' title='bbox 570 4030 641 4077; x_wconf 90' lang='lat' dir='ltr'>video</span> <span class='ocrx_word' id='word_1_350' title='bbox 652 4028 721 4089; x_wconf 84' lang='lat' dir='ltr'>cnjus</span> <span class='ocrx_word' id='word_1_351' title='bbox 736 4029 859 4076; x_wconf 85' lang='lat' dir='ltr'>reeordari</span> <span class='ocrx_word' id='word_1_352' title='bbox 873 4030 931 4077; x_wconf 88' lang='lat' dir='ltr'>utile</span> <span class='ocrx_word' id='word_1_353' title='bbox 942 4026 1051 4090; x_wconf 87' lang='lat' dir='ltr'>Vergilio</span> <span class='ocrx_word' id='word_1_354' title='bbox 1065 4042 1120 4077; x_wconf 92' lang='lat' dir='ltr'>esse</span> <span class='ocrx_word' id='word_1_355' title='bbox 1135 4030 1248 4092; x_wconf 89' lang='grc'><strong>66166611.</strong></span> <span class='ocrx_word' id='word_1_356' title='bbox 1262 4030 1312 4077; x_wconf 87' lang='lat' dir='ltr'>Sed</span> <span class='ocrx_word' id='word_1_357' title='bbox 1328 4044 1342 4079; x_wconf 89' lang='grc'>6</span> 
     </span>
     <span class='ocr_line' id='line_1_40' title="bbox 220 4100 1343 4165; baseline 0 -15"><span class='ocrx_word' id='word_1_358' title='bbox 220 4103 379 4165; x_wconf 88' lang='lat' dir='ltr'>Sophocleis,</span> <span class='ocrx_word' id='word_1_359' title='bbox 404 4115 464 4164; x_wconf 89' lang='lat' dir='ltr'>quos</span> <span class='ocrx_word' id='word_1_360' title='bbox 485 4115 560 4162; x_wconf 89' lang='grc'><strong>66666</strong></span> <span class='ocrx_word' id='word_1_361' title='bbox 586 4100 685 4158; x_wconf 87' lang='grc'><strong>6611611,</strong></span> <span class='ocrx_word' id='word_1_362' title='bbox 710 4100 823 4147; x_wconf 84' lang='lat' dir='ltr'>versibus</span> <span class='ocrx_word' id='word_1_363' title='bbox 842 4100 991 4162; x_wconf 88' lang='lat' dir='ltr'>comperitur</span> <span class='ocrx_word' id='word_1_364' title='bbox 1017 4100 1161 4161; x_wconf 85' lang='lat' dir='ltr'>quantulum</span> <span class='ocrx_word' id='word_1_365' title='bbox 1191 4100 1247 4147; x_wconf 88' lang='lat' dir='ltr'>inde</span> <span class='ocrx_word' id='word_1_366' title='bbox 1271 4115 1343 4150; x_wconf 86' lang='lat' dir='ltr'>acce-</span> 
     </span>
    </p>
   </div>
   <div class='ocr_carea' id='block_1_4' title="bbox 219 4174 550 4237">
    <p class='ocr_par' dir='ltr' id='par_1_9' title="bbox 219 4174 550 4237">
     <span class='ocr_line' id='line_1_41' title="bbox 219 4174 550 4237; baseline -0.012 -15"><span class='ocrx_word' id='word_1_367' title='bbox 219 4176 297 4237; x_wconf 87' lang='lat' dir='ltr'>perit,</span> <span class='ocrx_word' id='word_1_368' title='bbox 313 4175 333 4222; x_wconf 92' lang='lat' dir='ltr'>si</span> <span class='ocrx_word' id='word_1_369' title='bbox 348 4174 408 4236; x_wconf 90' lang='lat' dir='ltr'>quid</span> <span class='ocrx_word' id='word_1_370' title='bbox 421 4174 550 4234; x_wconf 83' lang='lat' dir='ltr'>acceperit.</span> 
     </span>
    </p>
   </div>
   <div class='ocr_carea' id='block_1_5' title="bbox 0 0 1426 4928">
    <p class='ocr_par' dir='ltr' id='par_1_10' title="bbox 0 0 1426 4928">
     <span class='ocr_line' id='line_1_42' title="bbox 0 0 1426 4928; baseline 0 1"><span class='ocrx_word' id='word_1_371' title='bbox 0 0 1426 4928; x_wconf 95' lang='lat' dir='ltr'> </span> 
     </span>
    </p>
   </div>
  </div>
 </body>
</html>
