2844 4928
149 292 214 358 128
567 313 644 359 raus
668 315 850 363 rosrnruoa.

146 487 353 554 indomitum
373 486 448 574 ejus
468 489 620 556 animum
641 491 733 556 omni
751 489 854 557 laude
875 489 1038 573 cumulet,
1066 512 1138 559 non
1158 495 1264 559 tamen

148 595 179 660 ei
198 616 330 661 morem
345 595 488 661 omnino
507 596 608 682 gerit,
630 619 743 685 neque
763 597 806 663 de
826 594 982 682 agendae
1002 597 1054 663 rei
1070 597 1195 665 ordine
1212 598 1265 667 Ca·

147 702 262 770 millae
282 702 487 786 adsentitur;
510 702 571 768 sed
590 704 716 770 auxilia
735 705 767 769 ei
786 703 946 790 adjungit
959 705 1130 772 nonnulla
1153 727 1161 774 :

348 899 441 948 Tecum
455 910 522 950 acer
534 899 672 962 Messapus
686 898 751 960 erit,
767 905 922 965 latinaeque
937 899 1050 950 Latinae

354 978 505 1044 Tiburtique
519 993 645 1030 manus...

191 1151 282 1218 lllud
295 1151 534 1218 tantummodo
542 1156 737 1241 praecavet,
750 1151 955 1218 muliebrem
972 1151 1179 1242 superbiam
1195 1154 1272 1221 odo

147 1265 253 1342 ratus
273 1282 316 1326 ne
336 1259 391 1327 cui
412 1257 537 1325 Volsca
557 1259 654 1325 miles
675 1257 822 1324 obnoxia
837 1259 880 1324 sit
903 1259 938 1324 in
959 1259 1096 1345 agendo
1119 1282 1126 1329 :

475 1452 565 1506 Ducis
578 1458 609 1504 et
624 1457 656 1505 tu
670 1451 790 1518 concipe
805 1454 933 1505 curam¹.

192 1632 323 1702 Verum
337 1656 376 1700 ea
392 1632 532 1700 demum
551 1637 630 1699 sunt
645 1655 732 1722 quae
749 1632 843 1723 apud
857 1632 1050 1718 Vergilium
1066 1632 1273 1703 denuntient

146 1740 333 1807 femineum
349 1739 481 1828 aliquid
496 1737 661 1806 Camillae
678 1740 901 1828 superfuisse.
920 1739 1040 1829 Neque
1053 1744 1174 1808 tamen
1187 1742 1271 1809 aliae

149 1847 290 1913 defuere
319 1846 407 1927 viae,
437 1846 581 1935 quibua
612 1847 640 1913 si
669 1845 844 1929 libuisset,
875 1846 1027 1913 ferocem
1056 1847 1156 1913 illam
1192 1854 1274 1915 stre·

148 1976 237 2021 nuae
257 1954 400 2040 virginis
420 1954 618 2019 virilitatem
638 1954 840 2039 mitigasset.
865 1952 1003 2021 Scilicet
1019 1952 1075 2020 vel
1093 1954 1212 2044 ipsam
1224 1957 1273 2023 in-

148 2060 274 2127 ducere
294 2061 417 2151 potuit,
433 2082 550 2126 amore
569 2061 632 2124 viri
653 2059 847 2147 cujusdam,
864 2082 926 2127 seu
942 2083 959 2127 e
975 2059 1110 2130 Volscis
1126 2062 1202 2129 sive
1213 2062 1273 2129 La·

148 2169 228 2234 tinis
265 2169 336 2233 sive
369 2166 549 2253 Trojanis,
584 2173 743 2256 captam3
781 2168 837 2233 vel
869 2189 989 2235 rursus
1024 2168 1117 2234 illius
1153 2191 1271 2237 amore

149 2274 324 2364 quendam
344 2296 362 2339 e
382 2273 566 2343 comitibus
586 2273 691 2339 Turni
720 2279 780 2341 aut
797 2274 935 2341 Aeneae
958 2275 1153 2344 incensum.
1182 2276 1273 2345 Neu-

147 2386 239 2447 trum
263 2386 378 2447 autcm
402 2379 556 2468 Vergilio
576 2380 717 2471 placuit,
741 2380 897 2470 adeoque
925 2381 1169 2450 intemeratam
1201 2405 1273 2451 esse

148 2489 257 2555 voluit
275 2488 491 2556 bellatricem
509 2508 618 2571 suam,
645 2492 684 2552 ut
704 2510 773 2554 non
793 2487 906 2554 solum
924 2488 1000 2578 ipsa

539 2682 603 2735 sola
616 2685 758 2735 contenta
772 2681 868 2734 Diana

146 2855 267 2938 foret²,
289 2852 351 2923 sed
371 2853 474 2920 etiam
492 2875 536 2919 ne
563 2853 607 2919 ab
626 2852 698 2919 ullo
722 2853 888 2935 virorum,
909 2854 1000 2919 inter
1019 2874 1106 2942 quos
1126 2854 1272 2938 viveret,

147 2966 343 3051 caperetur.
372 2959 554 3027 Camillam
582 2964 709 3026 matres
737 2986 753 3021 u
780 2965 942 3049 optavere
971 2969 1139 3043 nurum³;
1168 2989 1187 3024 u
1208 2985 1275 3029 non

144 3068 291 3155 juvenes
319 3089 474 3137 uxorem.
504 3067 555 3133 Ne
585 3068 694 3134 amari
723 3067 866 3157 quidem
893 3065 1072 3135 Camillam
1092 3067 1225 3136 decens
1245 3071 1275 3137 ei

148 3176 261 3241 visum
276 3178 339 3259 est,
361 3175 490 3241 nedum
511 3197 627 3241 amare
640 3174 661 3240 ’ἢ

191 3282 301 3349 Immo
321 3305 403 3349 vero
423 3303 529 3372 quam
548 3282 677 3348 multus
698 3282 753 3364 sit,
776 3303 949 3372 quamque
970 3281 1031 3348 diu
1048 3281 1273 3368 immoretur,

146 3411 319 3479 quamque
338 3389 489 3456 libenter
507 3389 648 3456 haereat
662 3389 697 3453 in
717 3387 947 3455 describenda
963 3386 1131 3455 Camillae
1149 3412 1278 3482 aspera

179 3598 202 3647 1.
221 3597 283 3645 Aea.
299 3595 342 3655 XI,
357 3594 412 3653 508,
428 3593 483 3653 510,
499 3594 554 3652 518,
568 3592 623 3642 519.

178 3668 202 3718 2.
217 3668 270 3727 Quo
285 3667 384 3715 differre
400 3666 533 3729 Vergilium
545 3667 576 3714 ab
591 3667 622 3714 iis
636 3665 678 3728 qui
698 3665 728 3713 de
743 3664 907 3714 Amazonibus
922 3666 993 3712 antea
1007 3664 1162 3726 scripserant
1181 3670 1276 3731 poetis,

148 3755 222 3802 supra
236 3739 317 3787 notavi
333 3739 368 3801 (p.
385 3736 509 3800 lui-109).

177 3811 201 3862 3.
217 3812 282 3860 Aen.
298 3809 340 3867 Xl,
356 3808 467 3858 sai-582.

178 3882 201 3929 l.
221 3881 390 3929 Penlliesileae
407 3885 491 3929 contra
511 3879 647 3928 tortitudini
668 3893 743 3928 suave
763 3884 788 3927 et
806 3878 917 3927 festivum
937 3877 1032 3941 aliquid
1050 3879 1152 3929 miscuit
1171 3880 1280 3940 Quirine

148 3953 177 4016 (1,
192 3952 296 4014 steti:

617 4031 687 4081 Ἐπεὶ
703 4027 734 4095 ῥά
748 4032 770 4081 ol
786 4025 848 4094 ἀμφὶ
862 4031 992 4116 προσώπῳ

365 4101 437 4166 ἄμφω
453 4103 603 4165 clausola
619 4121 645 4153 τε
658 4103 702 4153 και
718 4096 810 4159 ἁγλαὸι
828 4096 915 4159 eltoe'
906 4103 1026 4165 ορώρει...

364 4174 456 4224 ...liae
460 4175 528 4230 ι6ως’
540 4175 699 4237 ὲροιτεινόν,ι
690 4193 723 4223 υπ
729 4167 825 4238 ’ὀφρύσι
840 4174 1000 4236 δ’ἱμερόεντες

363 4212 487 4333 bpbalpoi
499 4243 639 4306 μάρμαιρπν
655 4239 695 4294 cii'
689 4263 737 4307 ‚pue
740 4262 766 4293 ον
781 4239 810 4294 lu
807 4264 836 4292 τ
839 4263 932 4303 cccciv

365 4310 461 4370 αἰὂιῖς)
455 4309 630 4378 Jtucstpupz
645 4315 749 4378 παρήια,
764 4319 840 4365 των]
899 4319 968 4377 tepla

365 4385 481 4449 iconzobi
495 4387 605 4440 ἐπέκειτο
622 4385 695 4453 χάρις
710 4404 829 4447 ausaausa
819 4386 859 4449 ’νη
854 4333 958 4452 :iilam
