2844 4928
525 335 623 382 sarar
649 336 797 398 auarum.
834 362 839 371 ,
1180 318 1223 383 47

101 530 299 598 quanquam
326 508 451 590 Diana,
483 533 631 600 quacum
655 512 776 579 eodem
806 514 841 580 iu
871 512 947 581 loco
980 518 1219 603 comparatur,

99 615 264 707 nymphis
283 617 497 684 circumdata
517 622 591 686 est¹
613 641 620 688 :

613 825 704 879 quam
719 814 803 868 mille
817 819 936 869 secutae

288 892 363 944 Hinc
377 898 466 958 atque
480 894 551 946 hinc
568 895 769 961 glomerantur
783 896 941 949 Oreades...

100 1061 285 1150 Displicuit
313 1068 429 1129 autem
458 1064 540 1129 olim
569 1063 777 1153 quibusdam
808 1052 901 1155 quod
922 1065 1055 1132 ‘Didoni
1089 1066 1219 1132 nullam

101 1168 239 1234 adstare
250 1168 416 1236 feminam
428 1169 602 1256 Vergilius
613 1171 767 1238 tinxisset
781 1195 789 1241 ε
803 1173 965 1263 quoniam
977 1174 1068 1238 enim
1081 1169 1222 1239 Cartha-

99 1277 172 1363 gini
186 1277 242 1342 vix
262 1276 419 1343 conditae
439 1264 613 1344 theatrum
627 1278 754 1345 latinus
769 1285 872 1369 poeta
888 1281 1053 1369 impertit,
1072 1303 1133 1346 cur
1151 1303 1220 1346 non

100 1384 283 1479 optimates
303 1375 440 1474 quoque
462 1391 647 1469 matronas
670 1391 835 1476 tanquam
855 1387 982 1453 amicas
1008 1390 1042 1453 et
1060 1387 1215 1469 ancillas,
1268 1438 1277 1453 „

99 1489 231 1556 Elissae
253 1490 374 1557 dedit?
393 1493 512 1583 Neque
533 1493 624 1559 enirn
644 1494 784 1578 gravius
802 1494 868 1560 hoc
888 1494 948 1560 illo
966 1494 1086 1560 fuisset
1098 1493 1223 1560 adven·
1300 1517 1303 1520 ’

100 1618 158 1664 sus
178 1619 294 1663 nerum
313 1599 576 1688 praeteritarum
599 1600 778 1666 veritatem
797 1606 988 1690 peccatum.
1045 1636 1047 1641 >

143 1703 273 1770 Verum
293 1745 335 1754 -
358 1704 398 1794 (si
418 1705 503 1794 quid
518 1705 621 1773 modo
641 1708 675 1772 in
694 1705 760 1773 hoc
779 1706 953 1793 Vergilius
973 1706 1126 1773 haesisse
1152 1731 1218 1797 pu-

96 1809 230 1875 tandus
244 1810 314 1900 sit),
332 1851 376 1860 —
394 1834 508 1878 nonne
528 1812 744 1879 artificiosius
764 1813 828 1879 luit
852 1814 983 1880 solam²
1002 1812 1068 1880 hoc
1092 1813 1126 1879 in
1142 1814 1223 1880 loco

97 1916 197 1983 nobis
226 1917 397 1985 Didonem
417 1906 695 2009 repraesentari,
730 1919 956 1986 obscurorum
987 1921 1135 1986 militam
1164 1944 1219 1988 ca-

96 2028 193 2090 terva
222 2025 368 2092 cinctam
407 2048 555 2114 quorum
587 2027 715 2092 nullius
745 2030 887 2116 pro'rsus
917 2028 1072 2093 meminit
1096 2034 1214 2117 poeta,

95 2131 163 2195 nisi
181 2130 302 2216 Bitiae,
326 2134 457 2198 strenui
477 2155 572 2223 sane,
591 2134 780 2199 rustic-ioris
801 2156 882 2200 vero
903 2133 1011 2217 ducis,
1035 2119 1094 2224 qui
1115 2161 1130 2196 a
1153 2136 1218 2200 ira-¹

93 2237 194 2327 pigre
218 2267 234 2301 »
254 2241 418 2331 poculum
441 2241 579 2308 haurire
592 2241 715 2335 solet?
734 2239 1000 2308 Oblectamcntis
1019 2242 1103 2325 illis,
1128 2265 1216 2332 quae

95 2369 114 2412 e
139 2347 300 2413 muliebri
328 2353 426 2414 coetu
454 2347 634 2438 petantur,
665 2351 800 2439 privata
820 2348 907 2414 Dido
927 2357 994 2432 est,
1016 2351 1215 2440 privarique

96 2454 223 2522 dolet⁸.
246 2455 435 2523 Delicatam
463 2457 554 2522 enirn
578 2462 801 2548 teneramque
835 2457 940 2522 animi
976 2457 1215 2547 excultamque

93 2563 225 2649 ingenii
241 2564 421 2630 mulierem
440 2563 610 2630 barbarae
630 2565 720 2630 inter
738 2563 843 2629 duros
865 2563 1115 2639 commilitones
1125 2565 1214 2630 vitae

93 2670 249 2737 taedium
273 2671 388 2737 subire
418 2694 481 2761 par
511 2677 577 2753 est,
608 2694 720 2761 neque
751 2655 897 2762 parvum
923 2670 1072 2738 solitudo
1098 2671 1216 2737 incita·
1250 2697 1253 2705 “

93 2783 250 2844 mentum
269 2777 311 2844 ad
333 2799 487 2844 amorem
505 2777 626 2844 afferre
648 2778 768 2844 solet⁴.

134 2884 230 2951 'Illud
249 2908 386 2975 quoque
408 2885 507 2951 docte
528 2890 682 2951 notatum
702 2886 782 2967 fuit,
803 2886 839 2950 in
858 2885 932 2951 ‘hoc
957 2886 1060 2950 etiam
1085 2884 1214 2951 clandi-

92 3014 172 3059 care
201 2992 344 3081 Didonis
373 3013 450 3057 cum
480 2991 589 3058 Diana
618 2992 944 3082 comparationem⁶‚
986 2990 1079 3080 quod
1116 2992 1213 3078 virgo

91 3099 203 3167 Diana
222 3101 276 3179 sit,
298 3098 386 3165 Dido
411 3121 493 3165 vero
520 3105 629 3188 nupta
655 3099 814 3164 falerii...⁴
833 3097 901 3164 Sed
931 3103 964 3163 et
985 3097 1071 3163 illud
1099 3094 1217 3188 ipsum

92 3205 346 3272 consideratum
367 3197 640 3295 meditatamque
656 3205 811 3298 Vergilio
829 3205 935 3271 fuisse
955 3205 1124 3292 conjicere
1144 3228 1211 3271 non
1297 3217 1307 3239 ⁶

91 3313 283 3380 absurdum
304 3318 366 3379 est.
390 3311 474 3380 Cum
495 3313 587 3378 enim
607 3314 790 3380 coelestem
811 3314 1020 3378 venatricem
1044 3333 1121 3378 curn
1151 3335 1213 3378 au-

124 3521 147 3575 1:
163 3525 375 3589 Gaarrsfflinos,
392 3542 414 3588 ρ.
429 3525 484 3589 213)
500 3540 548 3574 non
563 3527 634 3576 aliam
649 3541 747 3575 causam
760 3527 830 3575 affert
844 3527 969 3589 rejiciendi
987 3529 1041 3574 octo
1056 3526 1112 3573 illos
1126 3539 1212 3574 versus

90 3597 220 3662 (tas-505)
235 3613 307 3661 quam
319 3599 420 3660 hujusce
435 3599 624 3660 comparationis
636 3599 847 3649 claudicationem.

122 3669 146 3720 2.
164 3669 200 3719 Cf.
218 3669 282 3718 intra
295 3669 326 3718 de
341 3670 392 3732 illo,
408 3684 455 3733 quo
469 3669 594 3731 Vergilius
609 3670 729 3719 Didonem
746 3671 810 3718 attici
825 3670 890 3728 lecit,
913 3689 925 3714 «
949 3669 1090 3718 solitudinis
1111 3687 1122 3714 a
1142 3670 1211 3732 quasi

89 3746 165 3792 metu.

120 3812 145 3862 3.
161 3813 288 3875 Ingeniosa
304 3813 394 3873 Hanni,
410 3813 549 3872 Aeneidea,
566 3812 584 3872 l,
599 3812 713 3873 asa-851,
729 3813 759 3862 de
778 3817 850 3862 cantu
871 3813 941 3875 lopae
961 3812 985 3859 in
1005 3811 1108 3860 Didonis
1129 3812 1212 3860 convi-

88 3884 130 3932 vio
146 3899 151 3932 :
167 3903 178 3928 u
198 3883 246 3932 Tae
259 3883 329 3932 calm
348 3883 401 3933 aad
417 3882 614 3947 philosophical
631 3883 735 3948 subject
757 3885 789 3947 of
807 3883 892 3947 lopas'
905 3897 969 3948 sony
983 3885 1118 3931 contrasts
1132 3881 1212 3946 finely

89 3955 154 4004 with
175 3954 218 4004 tire
239 3955 397 4019 subsequam
418 3956 547 4004 romantio
568 3955 624 4004 aad
645 3957 761 4018 ascititia
786 3955 920 4004 narrative
939 3955 972 4018 of
986 3953 1096 4003 Aeneas.
1114 3955 1144 4003 Ia
1161 3952 1213 4002 this

89 4030 198 4090 respect,
214 4041 244 4075 as
256 4029 283 4076 ira
293 4041 320 4075 so
332 4041 410 4089 many
421 4027 518 4082 others,
536 4026 620 4090 Virqil
634 4027 683 4075 has
693 4025 825 4089 improved
839 4040 910 4089 upon
925 4024 967 4073 liis
983 4027 1081 4074 master
1094 4025 1213 4087 (Homer)

90 4097 147 4146 who
162 4097 270 4162 malina
286 4096 327 4145 liis
346 4096 466 4145 minstret
479 4098 539 4162 stay
554 4096 609 4145 und
622 4096 663 4145 lais
677 4097 739 4145 tiara
756 4096 802 4145 teli
816 4095 947 4159 similarly
962 4096 1092 4144 romantio
1109 4095 1210 4152 sturiae,

91 4168 158 4217 lases
174 4167 218 4217 the
230 4168 381 4232 advantaqe
397 4170 429 4229 of
440 4171 567 4217 contrast.
586 4188 597 4212 a

121 4240 145 4288 l.
162 4238 199 4289 Cl.
215 4240 289 4299 Aen„
304 4239 343 4299 lV,
360 4238 474 4300 aaa-tat,
490 4239 535 4288 551
551 4244 575 4288 et
589 4240 652 4287 intra
666 4254 709 4301 pp.
723 4239 803 4289 51-52.

120 4311 143 4360 5.
158 4310 194 4362 (Π.
209 4325 239 4360 ea
253 4326 315 4374 quae
329 4311 395 4374 apud
410 4312 538 4370 Foaaroua,
555 4313 579 4359 iu
596 4312 671 4370 Aera,
687 4311 705 4371 l,
717 4309 771 4371 499,
783 4311 929 4372 Contnoros,
941 4310 1016 4370 ibid,
1030 4308 1085 4367 498,
1101 4309 1211 4372 aliosque

90 4386 293 4432 commentatores
311 4383 425 4433 citantur.
