<?xml version="1.0" encoding="UTF-8"?>
<!DOCTYPE html PUBLIC "-//W3C//DTD XHTML 1.0 Transitional//EN"
    "http://www.w3.org/TR/xhtml1/DTD/xhtml1-transitional.dtd">
<html xmlns="http://www.w3.org/1999/xhtml" xml:lang="en" lang="en">
 <head>
  <title>
</title>
<meta http-equiv="Content-Type" content="text/html;charset=utf-8" />
  <meta name='ocr-system' content='tesseract 3.04.00' />
  <meta name='ocr-capabilities' content='ocr_page ocr_carea ocr_par ocr_line ocrx_word'/>
</head>
<body>
  <div class='ocr_page' id='page_1' title='image "./devergilioininf00rbgoog_0143.png"; bbox 0 0 2844 4928; ppageno 0'>
   <div class='ocr_carea' id='block_1_1' title="bbox 149 316 846 383">
    <p class='ocr_par' dir='ltr' id='par_1_1' title="bbox 149 316 846 383">
     <span class='ocr_line' id='line_1_1' title="bbox 149 316 846 383; baseline 0 -3"><span class='ocrx_word' id='word_1_1' title='bbox 149 316 213 381; x_wconf 76' lang='lat'><strong>120</strong></span> <span class='ocrx_word' id='word_1_2' title='bbox 565 336 642 382; x_wconf 73' lang='lat' dir='ltr'><strong>rias</strong></span> <span class='ocrx_word' id='word_1_3' title='bbox 665 336 846 383; x_wconf 83' lang='lat' dir='ltr'><strong>rosrrnmn.</strong></span> 
     </span>
    </p>
   </div>
   <div class='ocr_carea' id='block_1_2' title="bbox 146 508 1274 1886">
    <p class='ocr_par' dir='ltr' id='par_1_2' title="bbox 147 508 1268 686">
     <span class='ocr_line' id='line_1_2' title="bbox 147 508 1268 600; baseline -0.002 -24"><span class='ocrx_word' id='word_1_4' title='bbox 147 533 208 576; x_wconf 89' lang='lat' dir='ltr'><strong>cur</strong></span> <span class='ocrx_word' id='word_1_5' title='bbox 240 511 414 596; x_wconf 89' lang='lat' dir='ltr'><strong>Vergilius</strong></span> <span class='ocrx_word' id='word_1_6' title='bbox 438 533 504 577; x_wconf 91' lang='lat' dir='ltr'><strong>non</strong></span> <span class='ocrx_word' id='word_1_7' title='bbox 531 511 698 578; x_wconf 80' lang='lat' dir='ltr'><strong>edisserat</strong></span> <span class='ocrx_word' id='word_1_8' title='bbox 720 512 781 578; x_wconf 91' lang='lat' dir='ltr'><strong>illa</strong></span> <span class='ocrx_word' id='word_1_9' title='bbox 803 530 904 600; x_wconf 87' lang='lat' dir='ltr'><strong>quac,</strong></span> <span class='ocrx_word' id='word_1_10' title='bbox 927 536 943 569; x_wconf 75' lang='grc' dir='ltr'><strong>κ</strong></span> <span class='ocrx_word' id='word_1_11' title='bbox 967 508 1079 575; x_wconf 88' lang='lat' dir='ltr'><strong>multa</strong></span> <span class='ocrx_word' id='word_1_12' title='bbox 1101 534 1118 569; x_wconf 73' lang='grc' dir='ltr'>α</span> <span class='ocrx_word' id='word_1_13' title='bbox 1139 514 1268 592; x_wconf 87' lang='lat' dir='ltr'><strong>tamen,</strong></span> 
     </span>
     <span class='ocr_line' id='line_1_3' title="bbox 148 616 668 686; baseline 0.013 -8"><span class='ocrx_word' id='word_1_14' title='bbox 148 644 165 678; x_wconf 90' lang='lat'>«</span> <span class='ocrx_word' id='word_1_15' title='bbox 186 619 336 684; x_wconf 89' lang='lat' dir='ltr'><strong>moriens</strong></span> <span class='ocrx_word' id='word_1_16' title='bbox 357 616 457 684; x_wconf 86' lang='lat' dir='ltr'><strong>effata</strong></span> <span class='ocrx_word' id='word_1_17' title='bbox 477 645 493 679; x_wconf 85' lang='lat'>»</span> <span class='ocrx_word' id='word_1_18' title='bbox 515 623 606 685; x_wconf 88' lang='lat' dir='ltr'><strong>esset</strong></span> <span class='ocrx_word' id='word_1_19' title='bbox 620 620 668 686; x_wconf 81' lang='lat'><strong>¹...</strong></span> 
     </span>
    </p>

    <p class='ocr_par' dir='ltr' id='par_1_3' title="bbox 146 724 1274 1457">
     <span class='ocr_line' id='line_1_4' title="bbox 190 724 1270 813; baseline -0.002 -23"><span class='ocrx_word' id='word_1_20' title='bbox 190 725 281 790; x_wconf 89' lang='lat' dir='ltr'><strong>Num</strong></span> <span class='ocrx_word' id='word_1_21' title='bbox 314 746 395 791; x_wconf 89' lang='lat' dir='ltr'><strong>vero</strong></span> <span class='ocrx_word' id='word_1_22' title='bbox 422 725 662 811; x_wconf 79' lang='lat' dir='ltr'>ingruentibus</span> <span class='ocrx_word' id='word_1_23' title='bbox 691 724 849 813; x_wconf 88' lang='lat' dir='ltr'><strong>Trojanis</strong></span> <span class='ocrx_word' id='word_1_24' title='bbox 877 725 1037 790; x_wconf 78' lang='lat' dir='ltr'><strong>Amatam</strong></span> <span class='ocrx_word' id='word_1_25' title='bbox 1066 726 1152 789; x_wconf 87' lang='lat' dir='ltr'><strong>tunc</strong></span> <span class='ocrx_word' id='word_1_26' title='bbox 1187 726 1270 788; x_wconf 87' lang='lat' dir='ltr'><strong>tcm-</strong></span> 
     </span>
     <span class='ocr_line' id='line_1_5' title="bbox 146 829 1268 922; baseline -0.004 -24"><span class='ocrx_word' id='word_1_27' title='bbox 146 832 240 922; x_wconf 93' lang='lat' dir='ltr'><strong>poris</strong></span> <span class='ocrx_word' id='word_1_28' title='bbox 260 831 349 897; x_wconf 88' lang='lat' dir='ltr'><strong>male</strong></span> <span class='ocrx_word' id='word_1_29' title='bbox 369 832 502 921; x_wconf 90' lang='lat' dir='ltr'><strong>precari</strong></span> <span class='ocrx_word' id='word_1_30' title='bbox 521 833 692 922; x_wconf 85' lang='lat' dir='ltr'><strong>oportuit?</strong></span> <span class='ocrx_word' id='word_1_31' title='bbox 710 832 756 898; x_wconf 91' lang='lat' dir='ltr'><strong>At</strong></span> <span class='ocrx_word' id='word_1_32' title='bbox 776 831 862 897; x_wconf 91' lang='lat' dir='ltr'><strong>illud</strong></span> <span class='ocrx_word' id='word_1_33' title='bbox 885 853 955 897; x_wconf 90' lang='lat' dir='ltr'><strong>non</strong></span> <span class='ocrx_word' id='word_1_34' title='bbox 979 830 1108 905; x_wconf 86' lang='lat' dir='ltr'><strong>decuit,</strong></span> <span class='ocrx_word' id='word_1_35' title='bbox 1131 829 1268 919; x_wconf 85' lang='lat' dir='ltr'>opinor,</span> 
     </span>
     <span class='ocr_line' id='line_1_6' title="bbox 149 935 1271 1028; baseline -0.004 -24"><span class='ocrx_word' id='word_1_36' title='bbox 149 938 213 1004; x_wconf 92' lang='lat' dir='ltr'><strong>sub</strong></span> <span class='ocrx_word' id='word_1_37' title='bbox 240 936 345 1004; x_wconf 89' lang='lat' dir='ltr'><strong>finem</strong></span> <span class='ocrx_word' id='word_1_38' title='bbox 374 939 488 1028; x_wconf 88' lang='lat' dir='ltr'><strong>operis</strong></span> <span class='ocrx_word' id='word_1_39' title='bbox 511 939 651 1005; x_wconf 87' lang='lat' dir='ltr'><strong>fatalem</strong></span> <span class='ocrx_word' id='word_1_40' title='bbox 674 938 812 1006; x_wconf 80' lang='lat' dir='ltr'><strong>Aeneae</strong></span> <span class='ocrx_word' id='word_1_41' title='bbox 836 938 1015 1004; x_wconf 90' lang='lat' dir='ltr'><strong>victoriam</strong></span> <span class='ocrx_word' id='word_1_42' title='bbox 1039 935 1271 1003; x_wconf 81' lang='lat' dir='ltr'><strong>moribundae</strong></span> 
     </span>
     <span class='ocr_line' id='line_1_7' title="bbox 148 1043 1274 1136; baseline -0.004 -25"><span class='ocrx_word' id='word_1_43' title='bbox 148 1045 301 1111; x_wconf 90' lang='lat' dir='ltr'><strong>mulieris</strong></span> <span class='ocrx_word' id='word_1_44' title='bbox 328 1046 635 1136; x_wconf 81' lang='lat' dir='ltr'><strong>imprecationibus</strong></span> <span class='ocrx_word' id='word_1_45' title='bbox 664 1046 763 1136; x_wconf 91' lang='lat' dir='ltr'><strong>quasi</strong></span> <span class='ocrx_word' id='word_1_46' title='bbox 793 1045 937 1112; x_wconf 88' lang='lat' dir='ltr'><strong>foedari.</strong></span> <span class='ocrx_word' id='word_1_47' title='bbox 960 1083 1003 1095; x_wconf 87' lang='lat'><strong>—-</strong></span> <span class='ocrx_word' id='word_1_48' title='bbox 1031 1043 1124 1110; x_wconf 91' lang='lat' dir='ltr'><strong>Num</strong></span> <span class='ocrx_word' id='word_1_49' title='bbox 1156 1046 1274 1108; x_wconf 87' lang='lat' dir='ltr'><strong>eontra</strong></span> 
     </span>
     <span class='ocr_line' id='line_1_8' title="bbox 149 1150 1273 1236; baseline -0.004 -18"><span class='ocrx_word' id='word_1_50' title='bbox 149 1152 192 1218; x_wconf 91' lang='lat' dir='ltr'><strong>de</strong></span> <span class='ocrx_word' id='word_1_51' title='bbox 217 1175 278 1218; x_wconf 91' lang='lat' dir='ltr'><strong>sua</strong></span> <span class='ocrx_word' id='word_1_52' title='bbox 302 1157 409 1235; x_wconf 89' lang='lat' dir='ltr'><strong>sorte,</strong></span> <span class='ocrx_word' id='word_1_53' title='bbox 438 1159 472 1219; x_wconf 88' lang='lat' dir='ltr'><strong>et</strong></span> <span class='ocrx_word' id='word_1_54' title='bbox 495 1153 616 1235; x_wconf 87' lang='lat' dir='ltr'><strong>Turni,</strong></span> <span class='ocrx_word' id='word_1_55' title='bbox 640 1158 674 1219; x_wconf 87' lang='lat' dir='ltr'><strong>et</strong></span> <span class='ocrx_word' id='word_1_56' title='bbox 701 1152 830 1236; x_wconf 88' lang='lat' dir='ltr'><strong>Latini,</strong></span> <span class='ocrx_word' id='word_1_57' title='bbox 864 1157 898 1219; x_wconf 89' lang='lat' dir='ltr'><strong>et</strong></span> <span class='ocrx_word' id='word_1_58' title='bbox 927 1151 1111 1233; x_wconf 88' lang='lat' dir='ltr'><strong>Laviniae,</strong></span> <span class='ocrx_word' id='word_1_59' title='bbox 1146 1150 1273 1215; x_wconf 84' lang='lat' dir='ltr'><strong>iterum</strong></span> 
     </span>
     <span class='ocr_line' id='line_1_9' title="bbox 147 1254 1274 1350; baseline -0.004 -25"><span class='ocrx_word' id='word_1_60' title='bbox 147 1259 374 1345; x_wconf 80' lang='lat' dir='ltr'><strong>ingemiscere</strong></span> <span class='ocrx_word' id='word_1_61' title='bbox 407 1259 633 1350; x_wconf 84' lang='lat' dir='ltr'><strong>expediebat?</strong></span> <span class='ocrx_word' id='word_1_62' title='bbox 660 1261 706 1327; x_wconf 89' lang='lat' dir='ltr'><strong>At</strong></span> <span class='ocrx_word' id='word_1_63' title='bbox 732 1259 817 1350; x_wconf 93' lang='lat' dir='ltr'><strong>quid</strong></span> <span class='ocrx_word' id='word_1_64' title='bbox 844 1259 880 1326; x_wconf 95' lang='lat' dir='ltr'><strong>in</strong></span> <span class='ocrx_word' id='word_1_65' title='bbox 913 1258 1068 1349; x_wconf 89' lang='lat' dir='ltr'><strong>repetitis</strong></span> <span class='ocrx_word' id='word_1_66' title='bbox 1099 1254 1274 1343; x_wconf 84' lang='lat' dir='ltr'><strong>ejusmodi</strong></span> 
     </span>
     <span class='ocr_line' id='line_1_10' title="bbox 149 1366 728 1457; baseline 0.003 -24"><span class='ocrx_word' id='word_1_67' title='bbox 149 1366 298 1456; x_wconf 82' lang='lat' dir='ltr'><strong>querelis</strong></span> <span class='ocrx_word' id='word_1_68' title='bbox 319 1368 431 1433; x_wconf 91' lang='lat' dir='ltr'><strong>inesse</strong></span> <span class='ocrx_word' id='word_1_69' title='bbox 451 1368 531 1432; x_wconf 93' lang='lat' dir='ltr'><strong>novi</strong></span> <span class='ocrx_word' id='word_1_70' title='bbox 550 1367 728 1457; x_wconf 73' lang='lat' dir='ltr'><strong>possett...</strong></span> 
     </span>
    </p>

    <p class='ocr_par' dir='ltr' id='par_1_4' title="bbox 147 1470 1274 1886">
     <span class='ocr_line' id='line_1_11' title="bbox 193 1470 1274 1565; baseline -0.003 -25"><span class='ocrx_word' id='word_1_71' title='bbox 193 1474 340 1565; x_wconf 87' lang='lat' dir='ltr'><strong>Propter</strong></span> <span class='ocrx_word' id='word_1_72' title='bbox 357 1473 423 1540; x_wconf 89' lang='lat' dir='ltr'><strong>hoe</strong></span> <span class='ocrx_word' id='word_1_73' title='bbox 442 1475 640 1564; x_wconf 78' lang='lat' dir='ltr'><strong>praecipue,</strong></span> <span class='ocrx_word' id='word_1_74' title='bbox 663 1473 780 1558; x_wconf 82' lang='lat' dir='ltr'><strong>crede,</strong></span> <span class='ocrx_word' id='word_1_75' title='bbox 810 1473 978 1540; x_wconf 90' lang='lat' dir='ltr'><strong>moritura</strong></span> <span class='ocrx_word' id='word_1_76' title='bbox 1005 1474 1097 1538; x_wconf 90' lang='lat' dir='ltr'><strong>tacet</strong></span> <span class='ocrx_word' id='word_1_77' title='bbox 1124 1472 1165 1537; x_wconf 92' lang='lat' dir='ltr'><strong>in</strong></span> <span class='ocrx_word' id='word_1_78' title='bbox 1192 1470 1274 1538; x_wconf 84' lang='lat' dir='ltr'><strong>duo</strong></span> 
     </span>
     <span class='ocr_line' id='line_1_12' title="bbox 148 1578 1273 1670; baseline -0.004 -23"><span class='ocrx_word' id='word_1_79' title='bbox 148 1580 283 1649; x_wconf 88' lang='lat' dir='ltr'><strong>decimo</strong></span> <span class='ocrx_word' id='word_1_80' title='bbox 302 1581 468 1648; x_wconf 89' lang='lat' dir='ltr'><strong>Aeneidis</strong></span> <span class='ocrx_word' id='word_1_81' title='bbox 491 1581 582 1648; x_wconf 91' lang='lat' dir='ltr'><strong>libro</strong></span> <span class='ocrx_word' id='word_1_82' title='bbox 607 1581 747 1664; x_wconf 88' lang='lat' dir='ltr'><strong>Amata,</strong></span> <span class='ocrx_word' id='word_1_83' title='bbox 769 1580 863 1670; x_wconf 91' lang='lat' dir='ltr'><strong>quod</strong></span> <span class='ocrx_word' id='word_1_84' title='bbox 882 1580 1010 1670; x_wconf 92' lang='lat' dir='ltr'><strong>optime</strong></span> <span class='ocrx_word' id='word_1_85' title='bbox 1037 1578 1176 1645; x_wconf 75' lang='lat' dir='ltr'><strong>effictae</strong></span> <span class='ocrx_word' id='word_1_86' title='bbox 1200 1579 1273 1666; x_wconf 88' lang='lat' dir='ltr'><strong>ejus</strong></span> 
     </span>
     <span class='ocr_line' id='line_1_13' title="bbox 147 1685 1272 1779; baseline -0.003 -25"><span class='ocrx_word' id='word_1_87' title='bbox 147 1689 291 1776; x_wconf 80' lang='lat' dir='ltr'><strong>imagini</strong></span> <span class='ocrx_word' id='word_1_88' title='bbox 314 1688 401 1754; x_wconf 93' lang='lat' dir='ltr'><strong>nihil</strong></span> <span class='ocrx_word' id='word_1_89' title='bbox 428 1689 570 1779; x_wconf 89' lang='lat' dir='ltr'><strong>insuper</strong></span> <span class='ocrx_word' id='word_1_90' title='bbox 598 1688 680 1754; x_wconf 87' lang='lat' dir='ltr'><strong>addi</strong></span> <span class='ocrx_word' id='word_1_91' title='bbox 704 1688 850 1779; x_wconf 74' lang='lat' dir='ltr'><strong>potuit².</strong></span> <span class='ocrx_word' id='word_1_92' title='bbox 875 1686 1053 1768; x_wconf 86' lang='lat' dir='ltr'><strong>Quaedam</strong></span> <span class='ocrx_word' id='word_1_93' title='bbox 1072 1685 1272 1772; x_wconf 84' lang='lat' dir='ltr'><strong>Vergilium</strong></span> 
     </span>
     <span class='ocr_line' id='line_1_14' title="bbox 147 1795 842 1886; baseline -0.003 -24"><span class='ocrx_word' id='word_1_94' title='bbox 147 1796 333 1886; x_wconf 86' lang='lat' dir='ltr'><strong>perfecisse</strong></span> <span class='ocrx_word' id='word_1_95' title='bbox 354 1795 546 1878; x_wconf 77' lang='lat' dir='ltr'><strong>credamne,</strong></span> <span class='ocrx_word' id='word_1_96' title='bbox 568 1817 708 1885; x_wconf 87' lang='lat' dir='ltr'><strong>quaeso,</strong></span> <span class='ocrx_word' id='word_1_97' title='bbox 729 1796 842 1862; x_wconf 87' lang='lat' dir='ltr'><strong>liceat.</strong></span> 
     </span>
    </p>
   </div>
   <div class='ocr_carea' id='block_1_3' title="bbox 148 2033 1273 2669">
    <p class='ocr_par' dir='ltr' id='par_1_5' title="bbox 180 2033 913 2096">
     <span class='ocr_line' id='line_1_15' title="bbox 180 2033 913 2096; baseline -0.001 -11"><span class='ocrx_word' id='word_1_98' title='bbox 180 2036 202 2085; x_wconf 91' lang='lat'><strong>1.</strong></span> <span class='ocrx_word' id='word_1_99' title='bbox 219 2038 294 2096; x_wconf 67' lang='lat' dir='ltr'><strong>Aen„</strong></span> <span class='ocrx_word' id='word_1_100' title='bbox 309 2034 363 2095; x_wconf 86' lang='lat' dir='ltr'><strong>Xll,</strong></span> <span class='ocrx_word' id='word_1_101' title='bbox 379 2034 492 2085; x_wconf 86' lang='lat'>600-601.</span> <span class='ocrx_word' id='word_1_102' title='bbox 507 2035 543 2084; x_wconf 84' lang='lat' dir='ltr'><strong>Cl.</strong></span> <span class='ocrx_word' id='word_1_103' title='bbox 555 2035 580 2083; x_wconf 92' lang='lat' dir='ltr'><strong>in</strong></span> <span class='ocrx_word' id='word_1_104' title='bbox 595 2035 659 2083; x_wconf 88' lang='lat' dir='ltr'><strong>hunc</strong></span> <span class='ocrx_word' id='word_1_105' title='bbox 673 2034 753 2082; x_wconf 88' lang='lat' dir='ltr'><strong>locum</strong></span> <span class='ocrx_word' id='word_1_106' title='bbox 768 2033 913 2084; x_wconf 76' lang='lat' dir='ltr'><strong>Corramou.</strong></span> 
     </span>
    </p>

    <p class='ocr_par' dir='ltr' id='par_1_6' title="bbox 148 2102 1273 2669">
     <span class='ocr_line' id='line_1_16' title="bbox 179 2102 1272 2169; baseline -0.005 -11"><span class='ocrx_word' id='word_1_107' title='bbox 179 2109 203 2160; x_wconf 75' lang='lat'><strong>2.</strong></span> <span class='ocrx_word' id='word_1_108' title='bbox 220 2108 322 2156; x_wconf 76' lang='lat' dir='ltr'><strong>Scaurus</strong></span> <span class='ocrx_word' id='word_1_109' title='bbox 338 2122 344 2157; x_wconf 91' lang='lat'>:</span> <span class='ocrx_word' id='word_1_110' title='bbox 360 2127 404 2158; x_wconf 83' lang='lat'>«...</span> <span class='ocrx_word' id='word_1_111' title='bbox 420 2108 468 2155; x_wconf 89' lang='lat' dir='ltr'><strong>Alii</strong></span> <span class='ocrx_word' id='word_1_112' title='bbox 491 2106 576 2154; x_wconf 89' lang='lat' dir='ltr'><strong>dicunt</strong></span> <span class='ocrx_word' id='word_1_113' title='bbox 595 2107 661 2169; x_wconf 90' lang='lat' dir='ltr'><strong>quod</strong></span> <span class='ocrx_word' id='word_1_114' title='bbox 682 2106 768 2154; x_wconf 84' lang='lat' dir='ltr'><strong>Amata</strong></span> <span class='ocrx_word' id='word_1_115' title='bbox 791 2105 873 2154; x_wconf 89' lang='lat' dir='ltr'><strong>inedia</strong></span> <span class='ocrx_word' id='word_1_116' title='bbox 893 2118 920 2153; x_wconf 89' lang='lat' dir='ltr'><strong>se</strong></span> <span class='ocrx_word' id='word_1_117' title='bbox 943 2103 1102 2155; x_wconf 83' lang='lat' dir='ltr'><strong>interemerit.</strong></span> <span class='ocrx_word' id='word_1_118' title='bbox 1120 2102 1272 2169; x_wconf 85' lang='lat' dir='ltr'><strong>»Vergilius</strong></span> 
     </span>
     <span class='ocr_line' id='line_1_17' title="bbox 150 2174 1273 2243; baseline -0.004 -15"><span class='ocrx_word' id='word_1_119' title='bbox 150 2181 231 2243; x_wconf 89' lang='lat' dir='ltr'><strong>potius</strong></span> <span class='ocrx_word' id='word_1_120' title='bbox 251 2179 359 2237; x_wconf 82' lang='lat' dir='ltr'><strong>censuit,</strong></span> <span class='ocrx_word' id='word_1_121' title='bbox 376 2179 486 2227; x_wconf 84' lang='lat' dir='ltr'><strong>Amatam</strong></span> <span class='ocrx_word' id='word_1_122' title='bbox 504 2178 609 2240; x_wconf 82' lang='lat' dir='ltr'><strong>seipsam</strong></span> <span class='ocrx_word' id='word_1_123' title='bbox 632 2177 795 2240; x_wconf 89' lang='lat' dir='ltr'><strong>suspendere,</strong></span> <span class='ocrx_word' id='word_1_124' title='bbox 813 2177 879 2239; x_wconf 90' lang='lat' dir='ltr'><strong>quod</strong></span> <span class='ocrx_word' id='word_1_125' title='bbox 897 2175 1007 2238; x_wconf 86' lang='lat' dir='ltr'><strong>rapidior</strong></span> <span class='ocrx_word' id='word_1_126' title='bbox 1028 2174 1088 2223; x_wconf 84' lang='lat' dir='ltr'><strong>haec</strong></span> <span class='ocrx_word' id='word_1_127' title='bbox 1109 2188 1179 2223; x_wconf 90' lang='lat' dir='ltr'><strong>mors</strong></span> <span class='ocrx_word' id='word_1_128' title='bbox 1194 2175 1273 2223; x_wconf 84' lang='lat' dir='ltr'><strong>inilia</strong></span> 
     </span>
     <span class='ocr_line' id='line_1_18' title="bbox 151 2245 1271 2310; baseline -0.005 -10"><span class='ocrx_word' id='word_1_129' title='bbox 151 2251 288 2301; x_wconf 86' lang='lat' dir='ltr'><strong>duodecimi</strong></span> <span class='ocrx_word' id='word_1_130' title='bbox 305 2249 361 2298; x_wconf 86' lang='lat' dir='ltr'><strong>libri</strong></span> <span class='ocrx_word' id='word_1_131' title='bbox 376 2250 437 2309; x_wconf 83' lang='lat' dir='ltr'><strong>fine,</strong></span> <span class='ocrx_word' id='word_1_132' title='bbox 453 2250 494 2298; x_wconf 90' lang='lat' dir='ltr'><strong>ubi</strong></span> <span class='ocrx_word' id='word_1_133' title='bbox 512 2248 595 2298; x_wconf 82' lang='lat' dir='ltr'><strong>sabula</strong></span> <span class='ocrx_word' id='word_1_134' title='bbox 609 2248 639 2296; x_wconf 89' lang='lat' dir='ltr'><strong>ad</strong></span> <span class='ocrx_word' id='word_1_135' title='bbox 655 2249 745 2297; x_wconf 85' lang='lat' dir='ltr'><strong>exitum</strong></span> <span class='ocrx_word' id='word_1_136' title='bbox 761 2248 872 2307; x_wconf 76' lang='lat' dir='ltr'><strong>festinat,</strong></span> <span class='ocrx_word' id='word_1_137' title='bbox 888 2247 965 2310; x_wconf 87' lang='lat' dir='ltr'><strong>magis</strong></span> <span class='ocrx_word' id='word_1_138' title='bbox 979 2259 1065 2295; x_wconf 86' lang='lat' dir='ltr'><strong>revera</strong></span> <span class='ocrx_word' id='word_1_139' title='bbox 1081 2245 1175 2295; x_wconf 89' lang='lat' dir='ltr'><strong>idonea</strong></span> <span class='ocrx_word' id='word_1_140' title='bbox 1189 2250 1271 2307; x_wconf 79' lang='lat' dir='ltr'><strong>esset3</strong></span> 
     </span>
     <span class='ocr_line' id='line_1_19' title="bbox 150 2317 1273 2384; baseline -0.005 -12"><span class='ocrx_word' id='word_1_141' title='bbox 150 2322 251 2382; x_wconf 89' lang='lat' dir='ltr'><strong>deinde,</strong></span> <span class='ocrx_word' id='word_1_142' title='bbox 273 2322 371 2381; x_wconf 80' lang='lat' dir='ltr'><strong>forsan,</strong></span> <span class='ocrx_word' id='word_1_143' title='bbox 394 2322 460 2384; x_wconf 89' lang='lat' dir='ltr'><strong>quod</strong></span> <span class='ocrx_word' id='word_1_144' title='bbox 487 2320 552 2383; x_wconf 85' lang='lat' dir='ltr'><strong>apud</strong></span> <span class='ocrx_word' id='word_1_145' title='bbox 571 2323 668 2368; x_wconf 85' lang='lat' dir='ltr'><strong>veteres</strong></span> <span class='ocrx_word' id='word_1_146' title='bbox 685 2320 807 2369; x_wconf 85' lang='lat' dir='ltr'><strong>Romanos</strong></span> <span class='ocrx_word' id='word_1_147' title='bbox 825 2318 992 2381; x_wconf 88' lang='lat' dir='ltr'><strong>hujuscemodi</strong></span> <span class='ocrx_word' id='word_1_148' title='bbox 1010 2317 1174 2367; x_wconf 87' lang='lat' dir='ltr'><strong>voluntariam</strong></span> <span class='ocrx_word' id='word_1_149' title='bbox 1190 2332 1273 2367; x_wconf 85' lang='lat' dir='ltr'><strong>necem</strong></span> 
     </span>
     <span class='ocr_line' id='line_1_20' title="bbox 151 2388 1272 2456; baseline -0.004 -13"><span class='ocrx_word' id='word_1_150' title='bbox 151 2394 258 2443; x_wconf 89' lang='lat' dir='ltr'><strong>dedecus</strong></span> <span class='ocrx_word' id='word_1_151' title='bbox 276 2392 401 2456; x_wconf 89' lang='lat' dir='ltr'><strong>quoddam</strong></span> <span class='ocrx_word' id='word_1_152' title='bbox 421 2396 573 2455; x_wconf 84' lang='lat' dir='ltr'><strong>sequeretur.</strong></span> <span class='ocrx_word' id='word_1_153' title='bbox 594 2411 606 2437; x_wconf 89' lang='lat'>«</span> <span class='ocrx_word' id='word_1_154' title='bbox 628 2390 692 2439; x_wconf 86' lang='lat' dir='ltr'><strong>Sane</strong></span> <span class='ocrx_word' id='word_1_155' title='bbox 712 2391 852 2450; x_wconf 89' lang='lat' dir='ltr'><strong>sciendum,</strong></span> <span class='ocrx_word' id='word_1_156' title='bbox 870 2390 948 2452; x_wconf 90' lang='lat' dir='ltr'><strong>inquit</strong></span> <span class='ocrx_word' id='word_1_157' title='bbox 964 2388 1084 2449; x_wconf 80' lang='lat' dir='ltr'><strong>Saavrus,</strong></span> <span class='ocrx_word' id='word_1_158' title='bbox 1100 2390 1162 2452; x_wconf 87' lang='lat' dir='ltr'><strong>quia</strong></span> <span class='ocrx_word' id='word_1_159' title='bbox 1177 2395 1272 2438; x_wconf 84' lang='lat' dir='ltr'><strong>cautum</strong></span> 
     </span>
     <span class='ocr_line' id='line_1_21' title="bbox 150 2461 1272 2526; baseline -0.004 -13"><span class='ocrx_word' id='word_1_160' title='bbox 150 2466 231 2513; x_wconf 87' lang='lat' dir='ltr'><strong>luerat</strong></span> <span class='ocrx_word' id='word_1_161' title='bbox 243 2465 266 2512; x_wconf 95' lang='lat' dir='ltr'><strong>in</strong></span> <span class='ocrx_word' id='word_1_162' title='bbox 284 2464 469 2512; x_wconf 87' lang='lat' dir='ltr'><strong>Pontifiealibus</strong></span> <span class='ocrx_word' id='word_1_163' title='bbox 485 2463 556 2511; x_wconf 89' lang='lat' dir='ltr'><strong>libris</strong></span> <span class='ocrx_word' id='word_1_164' title='bbox 575 2468 601 2511; x_wconf 86' lang='lat' dir='ltr'><strong>ut</strong></span> <span class='ocrx_word' id='word_1_165' title='bbox 617 2462 659 2526; x_wconf 92' lang='lat' dir='ltr'><strong>qui</strong></span> <span class='ocrx_word' id='word_1_166' title='bbox 674 2463 699 2510; x_wconf 89' lang='lat' dir='ltr'><strong>in</strong></span> <span class='ocrx_word' id='word_1_167' title='bbox 714 2462 802 2525; x_wconf 88' lang='lat' dir='ltr'><strong>laqueo</strong></span> <span class='ocrx_word' id='word_1_168' title='bbox 821 2463 896 2510; x_wconf 88' lang='lat' dir='ltr'><strong>vitam</strong></span> <span class='ocrx_word' id='word_1_169' title='bbox 916 2461 1011 2509; x_wconf 81' lang='lat' dir='ltr'><strong>linisset</strong></span> <span class='ocrx_word' id='word_1_170' title='bbox 1024 2461 1166 2523; x_wconf 84' lang='lat' dir='ltr'><strong>insepultus</strong></span> <span class='ocrx_word' id='word_1_171' title='bbox 1181 2461 1272 2523; x_wconf 75' lang='lat' dir='ltr'><strong>abjice-</strong></span> 
     </span>
     <span class='ocr_line' id='line_1_22' title="bbox 148 2532 1271 2599; baseline -0.003 -13"><span class='ocrx_word' id='word_1_172' title='bbox 148 2541 226 2587; x_wconf 86' lang='lat' dir='ltr'><strong>retur.</strong></span> <span class='ocrx_word' id='word_1_173' title='bbox 243 2554 255 2580; x_wconf 88' lang='lat'>»</span> <span class='ocrx_word' id='word_1_174' title='bbox 270 2535 333 2585; x_wconf 87' lang='lat' dir='ltr'><strong>Fieri</strong></span> <span class='ocrx_word' id='word_1_175' title='bbox 349 2539 469 2599; x_wconf 84' lang='lat' dir='ltr'><strong>potestat</strong></span> <span class='ocrx_word' id='word_1_176' title='bbox 485 2539 557 2598; x_wconf 80' lang='lat' dir='ltr'><strong>poeta</strong></span> <span class='ocrx_word' id='word_1_177' title='bbox 571 2534 677 2582; x_wconf 87' lang='lat' dir='ltr'><strong>voluerit</strong></span> <span class='ocrx_word' id='word_1_178' title='bbox 691 2539 796 2582; x_wconf 81' lang='lat' dir='ltr'><strong>atrocem</strong></span> <span class='ocrx_word' id='word_1_179' title='bbox 811 2534 910 2582; x_wconf 84' lang='lat' dir='ltr'><strong>Aeneae</strong></span> <span class='ocrx_word' id='word_1_180' title='bbox 923 2532 1045 2580; x_wconf 88' lang='lat' dir='ltr'><strong>inimicam</strong></span> <span class='ocrx_word' id='word_1_181' title='bbox 1054 2546 1128 2580; x_wconf 86' lang='lat' dir='ltr'><strong>suum</strong></span> <span class='ocrx_word' id='word_1_182' title='bbox 1141 2533 1168 2581; x_wconf 94' lang='lat' dir='ltr'><strong>in</strong></span> <span class='ocrx_word' id='word_1_183' title='bbox 1182 2532 1271 2585; x_wconf 73' lang='lat' dir='ltr'><strong>Rom·</strong></span> 
     </span>
     <span class='ocr_line' id='line_1_23' title="bbox 149 2604 951 2669; baseline -0.004 -13"><span class='ocrx_word' id='word_1_184' title='bbox 149 2622 235 2657; x_wconf 88' lang='lat' dir='ltr'><strong>norum</strong></span> <span class='ocrx_word' id='word_1_185' title='bbox 249 2611 342 2669; x_wconf 86' lang='lat' dir='ltr'><strong>patrem</strong></span> <span class='ocrx_word' id='word_1_186' title='bbox 357 2606 439 2655; x_wconf 85' lang='lat' dir='ltr'><strong>odium</strong></span> <span class='ocrx_word' id='word_1_187' title='bbox 455 2626 466 2650; x_wconf 90' lang='lat'>«</span> <span class='ocrx_word' id='word_1_188' title='bbox 484 2605 593 2655; x_wconf 81' lang='lat' dir='ltr'><strong>informis</strong></span> <span class='ocrx_word' id='word_1_189' title='bbox 609 2606 651 2654; x_wconf 85' lang='lat' dir='ltr'><strong>leti</strong></span> <span class='ocrx_word' id='word_1_190' title='bbox 667 2624 679 2649; x_wconf 71' lang='lat' dir='ltr'><strong>a</strong></span> <span class='ocrx_word' id='word_1_191' title='bbox 694 2606 765 2669; x_wconf 89' lang='lat' dir='ltr'><strong>quasi</strong></span> <span class='ocrx_word' id='word_1_192' title='bbox 781 2618 859 2668; x_wconf 90' lang='lat' dir='ltr'><strong>poena</strong></span> <span class='ocrx_word' id='word_1_193' title='bbox 874 2604 951 2653; x_wconf 88' lang='lat' dir='ltr'><strong>luere.</strong></span> 
     </span>
    </p>
   </div>
   <div class='ocr_carea' id='block_1_4' title="bbox 0 0 1426 4928">
    <p class='ocr_par' dir='ltr' id='par_1_7' title="bbox 0 0 1426 4928">
     <span class='ocr_line' id='line_1_24' title="bbox 0 0 1426 4928; baseline 0 0"><span class='ocrx_word' id='word_1_194' title='bbox 0 0 1426 4928; x_wconf 95' lang='lat' dir='ltr'><strong> </strong></span> 
     </span>
    </p>
   </div>
  </div>
 </body>
</html>
