2844 4928
577 351 674 398 carun
700 351 850 398 ararium.
1233 327 1276 396 73

153 528 272 617 risque
294 525 482 593 lectoribus
506 525 642 593 Aeneas
665 526 858 619 displiceat,
891 527 1007 593 solitos
1032 527 1093 616 qui
1116 526 1278 593 dicuntur

151 634 260 701 fuisse
281 633 513 723 antiquorum,
536 632 705 723 imprimis
732 634 766 700 in
786 633 926 700 heroico
945 653 1043 716 aevo,
1065 654 1179 703 mores
1204 654 1276 700 res·

152 741 365 832 pexerimus,
394 739 483 808 nihil
509 740 606 808 aliud
641 762 744 828 agere
781 741 936 808 Aeneam
960 741 1060 808 facile
1080 741 1275 809 videbimus

153 872 259 940 quam
278 848 372 940 quod
390 853 469 916 ante
488 848 587 918 illum
606 849 707 916 multi
720 847 843 916 heroes
860 849 970 935 egisse
984 849 1147 916 dicuntur
1163 871 1171 919 :
1187 850 1278 917 inter

153 978 242 1048 quos
257 957 338 1024 laso
359 962 393 1024 ct
411 954 577 1027 Theseus.

198 1064 302 1132 Nulla
321 1065 412 1132 enim
433 1086 507 1135 esse
526 1069 641 1155 potest
660 1065 894 1134 controversia
913 1065 997 1154 quin
1020 1065 1144 1156 priscis
1164 1087 1278 1133 remo-

152 1174 366 1240 tissimorum
385 1178 581 1262 temporum
600 1172 684 1239 viris
708 1173 810 1263 plane
830 1172 1004 1239 inauditus
1028 1178 1063 1239 et
1081 1173 1280 1264 inexpertus

153 1304 252 1349 amor
270 1281 334 1346 istc
348 1279 465 1363 fuerit,
485 1301 553 1369 quo
573 1280 627 1345 vir
646 1301 765 1346 amaus
785 1285 919 1347 amatae
938 1280 1086 1348 feminae
1102 1302 1208 1371 seque
1230 1285 1280 1348 to-

151 1393 225 1456 tam
244 1388 395 1456 tradenti
415 1387 609 1474 obligatum
638 1408 673 1453 se
703 1391 803 1476 putat
828 1409 868 1454 eo
892 1387 969 1478 ipso
996 1393 1116 1455 mutuo
1146 1410 1276 1472 amore,

152 1497 254 1587 quasi
282 1495 480 1565 firmissimo
511 1494 665 1579 vinculo,
700 1493 848 1583 ideoque
881 1495 917 1561 in
952 1495 1027 1581 ejus
1053 1495 1276 1585 obsequium,
1357 1528 1365 1545 =

152 1625 353 1695 quanquam
373 1602 505 1670 viribus
527 1607 560 1670 et
579 1601 718 1690 ingenio
738 1602 871 1688 melior,
894 1603 989 1670 velut
1009 1603 1038 1673 si
1057 1603 1100 1670 de
1121 1624 1183 1670 suo
1200 1603 1278 1690 jure

151 1712 311 1795 decedat,
334 1711 532 1779 inflectitur.
1000 1793 1007 1803 Ι
1225 1776 1226 1779 ,

198 1820 361 1890 Mulieres
384 1819 492 1906 igitur
518 1819 581 1902 illi,
609 1819 917 1909 quotienscumque
943 1842 1011 1887 non
1034 1824 1072 1887 ut
1090 1842 1280 1910 puerorum

150 1928 346 2015 genetrices
373 1925 440 1997 sibi
456 1925 652 2014 adjungunt
673 1925 766 2016 (tunc
785 1927 877 1993 enim
897 1926 1012 1996 stabili
1031 1928 1180 1994 conubio
1196 1926 1279 2015 jun-

152 2035 286 2124 gendas
307 2058 381 2103 esse
400 2034 607 2126 plerumque
626 2033 858 2125 intellegunt),
881 2035 981 2102 sicuti
998 2035 1139 2103 demum
1159 2037 1281 2126 volup-

150 2146 234 2213 tatis
252 2145 481 2212 instrumenta
500 2141 672 2233 quaedam
699 2141 829 2211 habere
859 2144 987 2227 solent;
1013 2144 1049 2210 in
1068 2167 1157 2234 quae
1185 2144 1281 2212 nulla

151 2253 232 2340 lege
251 2252 295 2319 ad
313 2251 470 2319 debitum
498 2250 687 2341 quodpiam
711 2250 863 2317 officium
883 2251 1152 2338 obstringuntur.
1175 2251 1281 2338 Fugi-

152 2362 225 2428 tivo
263 2358 503 2428 tantummodo
538 2381 617 2427 oum
642 2358 684 2426 iis
717 2358 969 2426 oblectamento
1006 2359 1181 2444 fruuntur,
1215 2382 1279 2427 nec

154 2467 252 2535 aliud
283 2466 369 2558 quid
403 2466 561 2559 polliceri
593 2489 630 2535 sc
663 2488 765 2557 posse
799 2465 1022 2550 arbitrantur,
1056 2489 1161 2557 quam
1184 2466 1279 2558 quod

152 2576 321 2646 Aeneas:

457 2702 516 2755 Nec
531 2712 579 2754 me
593 2699 768 2753 meminisse
782 2697 894 2765 pigebit
908 2697 1019 2752 Elissae

286 2782 358 2837 dum
373 2794 486 2836 memor
500 2783 563 2849 ipse
579 2779 651 2843 mei,
669 2780 740 2833 dum
756 2779 877 2846 spiritus
891 2779 945 2832 hos
959 2779 1036 2846 regit
1051 2784 1142 2833 artus.

196 2991 318 3082 Neque
338 2991 480 3059 enimin
500 3011 619 3058 eorum
639 2993 790 3057 mentem
809 2989 904 3056 venit
923 2988 1017 3078 quod
1034 2987 1276 3078 hujuscemodi

152 3121 251 3168 amor
273 3099 367 3167 aliud
392 3120 497 3190 quam
525 3097 671 3165 bellicae
698 3103 756 3164 aut
784 3098 930 3164 errantis
959 3098 1070 3163 vitae¹
1091 3096 1276 3167 diverticu-

149 3209 225 3274 lum
244 3207 420 3298 quoddam
441 3228 516 3273 esse
537 3205 671 3295 queat².
702 3205 753 3272 Ea
771 3210 823 3273 est
847 3204 1001 3271 omnium
1025 3203 1182 3291 heroum,
1201 3209 1276 3297 qui-

149 3315 218 3382 bus
237 3316 272 3381 in
294 3314 503 3383 Graecorum
523 3319 583 3380 aut
600 3311 814 3394 Latinorum,
837 3313 891 3378 vel
917 3312 1036 3402 epicis,
1058 3313 1113 3379 vel
1133 3316 1273 3400 tragicis

149 3424 208 3490 vel
234 3423 351 3512 lyricis
381 3423 516 3512 scriptis
546 3421 774 3502 occurrimus,
809 3421 1000 3487 communis
1028 3423 1218 3505 sententia;
1249 3425 1272 3489 ii

150 3534 232 3597 sunt
260 3531 351 3598 soliti
370 3551 500 3611 mores,
522 3551 563 3613 ea
592 3528 747 3614 legitima
776 3530 811 3593 et
829 3527 1003 3594 ordinaria
1023 3529 1268 3598 consuetudo³.

181 3725 204 3778 1.
221 3725 287 3776 Bene
301 3724 363 3774 Dido
377 3725 484 3775 Aeneam
499 3724 646 3773 nominarit«
659 3722 789 3774 hostem...
805 3724 945 3786 superbum.
960 3743 971 3769 »
981 3723 1023 3783 IV,
1040 3723 1094 3776 424.
1105 3725 1272 3789 Sicutoptime

147 3797 294 3848 Parnassus
311 3817 324 3843 «
340 3796 462 3860 Vergilius
473 3797 519 3845 hoc
535 3797 561 3859 (i.
578 3810 600 3845 e.
616 3796 710 3844 scilicet
725 3794 835 3858 boslcmt
850 3795 909 3844 dicit
922 3811 994 3844 sensu
1009 3811 1119 3848 romano.
1132 3817 1144 3842 »
1157 3796 1185 3848 V.
1198 3799 1271 3861 inira,

170 3907 175 3918 .
191 3868 232 3930 st,
247 3883 272 3918 n.
288 3868 311 3920 1.

148 3886 165 3935 p
178 3941 204 3993 2.
220 3941 256 3992 ct.
272 3941 297 3990 in
312 3940 437 4003 Euripidis
448 3938 539 3989 Medea
553 3939 676 3999 iasonem,
692 3952 742 3987 non
753 3938 824 3987 aliter
838 3952 910 4002 quam
926 3938 1023 3987 Aeneas
1043 3942 1067 3988 et
1088 3941 1232 3990 sentientem
1247 3946 1271 3992 et

144 4015 296 4077 loquentem.
311 4012 428 4075 -Apud
443 4011 598 4074 Apollonium
614 4024 722 4073 quoque,
740 4012 837 4073 paulum
852 4012 922 4059 abest
939 4015 964 4058 ut
978 4010 1088 4061 Medeam
1102 4012 1270 4060 dasovindam

146 4101 161 4136 a
176 4084 293 4135 Colchide
307 4084 432 4148 proiectos
448 4083 603 4146 derelinquat
617 4082 644 4146 (i.
661 4081 702 4143 lv,
718 4081 765 4130 338
782 4084 846 4146 sqq.)

177 4156 201 4206 3.
220 4157 256 4206 De
270 4157 317 4206 hoc
331 4170 427 4220 quoque
441 4169 490 4204 non
505 4155 587 4218 inepte
602 4154 631 4205 P.
648 4152 750 4213 Carano,
772 4153 850 4218 Virp„
867 4152 908 4214 lv,
925 4168 949 4216 p.
966 4154 1011 4204 129
1026 4169 1033 4203 ι
1049 4173 1061 4200 a
1076 4152 1100 4203 ll
1114 4157 1152 4205 est
1164 4170 1200 4206 tm
1214 4171 1271 4206 cer-

147 4229 207 4288 tain
225 4227 331 4278 nombre
352 4226 384 4277 de
397 4241 489 4292 qens...
513 4225 559 4290 qui
577 4240 604 4274 se
625 4228 682 4274 sont
703 4226 799 4274 recries
820 4228 916 4297 contre
931 4225 1125 4276 l’insenst'bib'te
1141 4218 1267 4280 oi’d'nce...

145 4293 264 4366 li'trartge
278 4299 431 4363 corruption
445 4299 478 4348 de
493 4312 540 4346 noc
553 4296 667 4347 moeurs!
686 4296 817 4346 L'errdroit
832 4296 864 4346 de
879 4297 997 4347 l’Encr'de
1011 4301 1059 4363 qui
1074 4301 1119 4363 sut
1135 4301 1269 4363 peut-e'irs

146 4372 171 4423 le
184 4372 248 4438 plus
266 4373 401 4438 appresto&
415 4370 461 4420 des
478 4370 603 4420 Romaim
621 4369 722 4418 s'attire
742 4369 768 4419 te
781 4368 844 4434 plue
865 4368 892 4418 la
912 4385 1020 4420 cemure
1040 4369 1102 4420 d'uo
1116 4371 1195 4421 siecle
1213 4374 1266 4438 qui,

145 4449 193 4498 eto.
211 4464 223 4489 υ
238 4443 276 4494 Ci.
292 4445 439 4507 concussor,
454 4441 567 4502 lotroci,
583 4457 607 4506 p.
624 4441 662 4492 12.

1147 4544 1159 4591 t
