<?xml version="1.0" encoding="UTF-8"?>
<!DOCTYPE html PUBLIC "-//W3C//DTD XHTML 1.0 Transitional//EN"
    "http://www.w3.org/TR/xhtml1/DTD/xhtml1-transitional.dtd">
<html xmlns="http://www.w3.org/1999/xhtml" xml:lang="en" lang="en">
 <head>
  <title>
</title>
<meta http-equiv="Content-Type" content="text/html;charset=utf-8" />
  <meta name='ocr-system' content='tesseract 3.04.00' />
  <meta name='ocr-capabilities' content='ocr_page ocr_carea ocr_par ocr_line ocrx_word'/>
</head>
<body>
  <div class='ocr_page' id='page_1' title='image "./devergilioininf00rbgoog_0076.png"; bbox 0 0 2844 4928; ppageno 0'>
   <div class='ocr_carea' id='block_1_1' title="bbox 497 321 1194 392">
    <p class='ocr_par' dir='ltr' id='par_1_1' title="bbox 497 321 1194 392">
     <span class='ocr_line' id='line_1_1' title="bbox 497 321 1194 392; baseline 0.003 0"><span class='ocrx_word' id='word_1_1' title='bbox 497 345 595 392; x_wconf 72' lang='lat' dir='ltr'>curor</span> <span class='ocrx_word' id='word_1_2' title='bbox 619 346 770 392; x_wconf 74' lang='lat' dir='ltr'>Trarion.</span> <span class='ocrx_word' id='word_1_3' title='bbox 1151 321 1194 388; x_wconf 74' lang='lat'>53</span> 
     </span>
    </p>
   </div>
   <div class='ocr_carea' id='block_1_2' title="bbox 68 516 1236 1793">
    <p class='ocr_par' dir='ltr' id='par_1_2' title="bbox 68 516 1192 718">
     <span class='ocr_line' id='line_1_2' title="bbox 68 516 1192 599; baseline 0.001 -14"><span class='ocrx_word' id='word_1_4' title='bbox 68 519 183 585; x_wconf 90' lang='lat' dir='ltr'>forma</span> <span class='ocrx_word' id='word_1_5' title='bbox 206 517 371 586; x_wconf 81' lang='lat' dir='ltr'><strong>induitur.</strong></span> <span class='ocrx_word' id='word_1_6' title='bbox 397 519 595 588; x_wconf 82' lang='lat' dir='ltr'><strong>Adhibetur</strong></span> <span class='ocrx_word' id='word_1_7' title='bbox 618 527 652 587; x_wconf 91' lang='lat' dir='ltr'>et</span> <span class='ocrx_word' id='word_1_8' title='bbox 675 521 731 587; x_wconf 91' lang='lat' dir='ltr'>hic</span> <span class='ocrx_word' id='word_1_9' title='bbox 759 519 998 587; x_wconf 87' lang='lat' dir='ltr'>tantummodo</span> <span class='ocrx_word' id='word_1_10' title='bbox 1027 516 1192 599; x_wconf 71' lang='grc' dir='ltr'>μυθολογία,</span> 
     </span>
     <span class='ocr_line' id='line_1_3' title="bbox 71 625 912 718; baseline 0.002 -26"><span class='ocrx_word' id='word_1_11' title='bbox 71 648 162 716; x_wconf 91' lang='lat' dir='ltr'>quae</span> <span class='ocrx_word' id='word_1_12' title='bbox 183 625 354 710; x_wconf 78' lang='grc' dir='ltr'>ψυχολογίαν</span> <span class='ocrx_word' id='word_1_13' title='bbox 372 632 431 693; x_wconf 89' lang='lat' dir='ltr'>aut</span> <span class='ocrx_word' id='word_1_14' title='bbox 445 633 636 718; x_wconf 82' lang='lat' dir='ltr'>practcgat,</span> <span class='ocrx_word' id='word_1_15' title='bbox 659 633 718 695; x_wconf 88' lang='lat' dir='ltr'>aut</span> <span class='ocrx_word' id='word_1_16' title='bbox 737 627 912 714; x_wconf 90' lang='lat' dir='ltr'>adjuvet¹.</span> 
     </span>
    </p>

    <p class='ocr_par' dir='ltr' id='par_1_3' title="bbox 73 732 1236 1793">
     <span class='ocr_line' id='line_1_4' title="bbox 120 732 1192 825; baseline 0.001 -26"><span class='ocrx_word' id='word_1_17' title='bbox 120 732 244 800; x_wconf 88' lang='lat' dir='ltr'>Omnia</span> <span class='ocrx_word' id='word_1_18' title='bbox 259 738 379 801; x_wconf 90' lang='lat' dir='ltr'>contra</span> <span class='ocrx_word' id='word_1_19' title='bbox 393 735 487 825; x_wconf 92' lang='lat' dir='ltr'>apud</span> <span class='ocrx_word' id='word_1_20' title='bbox 498 735 722 824; x_wconf 84' lang='lat' dir='ltr'>Apollonium</span> <span class='ocrx_word' id='word_1_21' title='bbox 735 735 745 770; x_wconf 74' lang='lat'><strong>²</strong></span> <span class='ocrx_word' id='word_1_22' title='bbox 762 735 843 801; x_wconf 89' lang='lat' dir='ltr'>facit</span> <span class='ocrx_word' id='word_1_23' title='bbox 857 735 964 801; x_wconf 89' lang='lat' dir='ltr'>telum</span> <span class='ocrx_word' id='word_1_24' title='bbox 981 733 1159 824; x_wconf 88' lang='lat' dir='ltr'>Cupidinis</span> <span class='ocrx_word' id='word_1_25' title='bbox 1169 735 1192 800; x_wconf 80' lang='lat'>⁸.</span> 
     </span>
     <span class='ocr_line' id='line_1_5' title="bbox 73 832 1196 932; baseline 0 -26"><span class='ocrx_word' id='word_1_26' title='bbox 73 840 252 908; x_wconf 81' lang='lat' dir='ltr'>Libentius</span> <span class='ocrx_word' id='word_1_27' title='bbox 273 862 356 927; x_wconf 81' lang='lat' dir='ltr'>ergo</span> <span class='ocrx_word' id='word_1_28' title='bbox 376 864 415 908; x_wconf 91' lang='lat' dir='ltr'>ac</span> <span class='ocrx_word' id='word_1_29' title='bbox 439 842 604 909; x_wconf 90' lang='lat' dir='ltr'>minutius</span> <span class='ocrx_word' id='word_1_30' title='bbox 633 832 735 932; x_wconf 90' lang='lat' dir='ltr'>poeta</span> <span class='ocrx_word' id='word_1_31' title='bbox 758 864 828 908; x_wconf 93' lang='lat' dir='ltr'>non</span> <span class='ocrx_word' id='word_1_32' title='bbox 852 841 963 907; x_wconf 89' lang='lat' dir='ltr'>solum</span> <span class='ocrx_word' id='word_1_33' title='bbox 982 840 1196 930; x_wconf 61' lang='lat' dir='ltr'>Aphro‘ditae</span> 
     </span>
     <span class='ocr_line' id='line_1_6' title="bbox 74 946 1198 1039; baseline 0 -26"><span class='ocrx_word' id='word_1_34' title='bbox 74 952 108 1013; x_wconf 90' lang='lat' dir='ltr'>et</span> <span class='ocrx_word' id='word_1_35' title='bbox 143 947 256 1015; x_wconf 87' lang='lat' dir='ltr'>Herae</span> <span class='ocrx_word' id='word_1_36' title='bbox 290 948 471 1015; x_wconf 90' lang='lat' dir='ltr'>consilium</span> <span class='ocrx_word' id='word_1_37' title='bbox 508 948 673 1016; x_wconf 79' lang='lat' dir='ltr'>describit</span> <span class='ocrx_word' id='word_1_38' title='bbox 710 948 815 1039; x_wconf 87' lang='lat' dir='ltr'>(quod</span> <span class='ocrx_word' id='word_1_39' title='bbox 844 953 878 1014; x_wconf 89' lang='lat' dir='ltr'>et</span> <span class='ocrx_word' id='word_1_40' title='bbox 905 947 1105 1037; x_wconf 81' lang='lat' dir='ltr'>Vergilius),</span> <span class='ocrx_word' id='word_1_41' title='bbox 1135 946 1198 1013; x_wconf 93' lang='lat' dir='ltr'>sed</span> 
     </span>
     <span class='ocr_line' id='line_1_7' title="bbox 74 1054 1198 1144; baseline 0 -24"><span class='ocrx_word' id='word_1_42' title='bbox 74 1055 178 1120; x_wconf 90' lang='lat' dir='ltr'>etiam</span> <span class='ocrx_word' id='word_1_43' title='bbox 197 1054 411 1144; x_wconf 89' lang='lat' dir='ltr'>Aphroditac</span> <span class='ocrx_word' id='word_1_44' title='bbox 432 1077 510 1122; x_wconf 91' lang='lat' dir='ltr'>cum</span> <span class='ocrx_word' id='word_1_45' title='bbox 528 1055 652 1121; x_wconf 86' lang='lat' dir='ltr'>festivo</span> <span class='ocrx_word' id='word_1_46' title='bbox 672 1056 934 1143; x_wconf 91' lang='lat' dir='ltr'>contumacique</span> <span class='ocrx_word' id='word_1_47' title='bbox 951 1060 985 1121; x_wconf 91' lang='lat' dir='ltr'>et</span> <span class='ocrx_word' id='word_1_48' title='bbox 1003 1055 1116 1120; x_wconf 90' lang='lat' dir='ltr'>minus</span> <span class='ocrx_word' id='word_1_49' title='bbox 1137 1054 1198 1120; x_wconf 85' lang='lat' dir='ltr'>ob·</span> 
     </span>
     <span class='ocr_line' id='line_1_8' title="bbox 74 1160 1198 1252; baseline -0.001 -25"><span class='ocrx_word' id='word_1_50' title='bbox 74 1163 233 1251; x_wconf 76' lang='lat' dir='ltr'>sequenti</span> <span class='ocrx_word' id='word_1_51' title='bbox 250 1167 332 1229; x_wconf 88' lang='lat' dir='ltr'>nato</span> <span class='ocrx_word' id='word_1_52' title='bbox 352 1162 574 1252; x_wconf 82' lang='lat' dir='ltr'>colloquium,</span> <span class='ocrx_word' id='word_1_53' title='bbox 598 1169 672 1229; x_wconf 91' lang='lat' dir='ltr'>tum</span> <span class='ocrx_word' id='word_1_54' title='bbox 693 1162 875 1252; x_wconf 89' lang='lat' dir='ltr'>perfidiam</span> <span class='ocrx_word' id='word_1_55' title='bbox 902 1161 1069 1250; x_wconf 91' lang='lat' dir='ltr'>dolosque</span> <span class='ocrx_word' id='word_1_56' title='bbox 1093 1160 1198 1250; x_wconf 86' lang='lat' dir='ltr'>Cupi-</span> 
     </span>
     <span class='ocr_line' id='line_1_9' title="bbox 75 1267 1236 1359; baseline 0.001 -26"><span class='ocrx_word' id='word_1_57' title='bbox 75 1267 180 1350; x_wconf 88' lang='lat' dir='ltr'>dinis,</span> <span class='ocrx_word' id='word_1_58' title='bbox 203 1267 345 1336; x_wconf 85' lang='lat' dir='ltr'>Medeae</span> <span class='ocrx_word' id='word_1_59' title='bbox 368 1269 476 1336; x_wconf 86' lang='lat' dir='ltr'>limen</span> <span class='ocrx_word' id='word_1_60' title='bbox 498 1270 616 1336; x_wconf 86' lang='lat' dir='ltr'>furtim</span> <span class='ocrx_word' id='word_1_61' title='bbox 642 1269 806 1356; x_wconf 82' lang='lat' dir='ltr'>ingressi,</span> <span class='ocrx_word' id='word_1_62' title='bbox 833 1269 1014 1359; x_wconf 91' lang='lat' dir='ltr'>ipsamque</span> <span class='ocrx_word' id='word_1_63' title='bbox 1043 1269 1198 1334; x_wconf 92' lang='lat' dir='ltr'>clanculo</span> <span class='ocrx_word' id='word_1_64' title='bbox 1229 1325 1236 1341; x_wconf 67' lang='lat'>„</span> 
     </span>
     <span class='ocr_line' id='line_1_10' title="bbox 74 1375 1196 1468; baseline -0.001 -27"><span class='ocrx_word' id='word_1_65' title='bbox 74 1376 228 1465; x_wconf 87' lang='lat' dir='ltr'>puellam</span> <span class='ocrx_word' id='word_1_66' title='bbox 255 1377 381 1462; x_wconf 81' lang='lat' dir='ltr'>sagitta</span> <span class='ocrx_word' id='word_1_67' title='bbox 403 1377 626 1468; x_wconf 88' lang='lat' dir='ltr'>percutientis</span> <span class='ocrx_word' id='word_1_68' title='bbox 653 1397 660 1443; x_wconf 92' lang='lat'>:</span> <span class='ocrx_word' id='word_1_69' title='bbox 686 1375 861 1466; x_wconf 65' lang='lat' dir='ltr'>lepidam*</span> <span class='ocrx_word' id='word_1_70' title='bbox 887 1398 967 1443; x_wconf 89' lang='lat' dir='ltr'>sane</span> <span class='ocrx_word' id='word_1_71' title='bbox 995 1376 1196 1462; x_wconf 81' lang='lat' dir='ltr'>imaginem,</span> 
     </span>
     <span class='ocr_line' id='line_1_11' title="bbox 75 1482 1199 1574; baseline -0.001 -25"><span class='ocrx_word' id='word_1_72' title='bbox 75 1504 165 1572; x_wconf 89' lang='lat' dir='ltr'>quae</span> <span class='ocrx_word' id='word_1_73' title='bbox 193 1483 334 1572; x_wconf 90' lang='lat' dir='ltr'>quidem</span> <span class='ocrx_word' id='word_1_74' title='bbox 361 1482 407 1550; x_wconf 89' lang='lat' dir='ltr'>ad</span> <span class='ocrx_word' id='word_1_75' title='bbox 432 1485 603 1551; x_wconf 90' lang='lat' dir='ltr'>curiosam</span> <span class='ocrx_word' id='word_1_76' title='bbox 630 1484 730 1549; x_wconf 90' lang='lat' dir='ltr'>vivae</span> <span class='ocrx_word' id='word_1_77' title='bbox 758 1488 902 1549; x_wconf 87' lang='lat' dir='ltr'>naturae</span> <span class='ocrx_word' id='word_1_78' title='bbox 931 1482 1199 1574; x_wconf 76' lang='lat' dir='ltr'>descriptionem</span> 
     </span>
     <span class='ocr_line' id='line_1_12' title="bbox 75 1589 1200 1675; baseline 0.003 -20"><span class='ocrx_word' id='word_1_79' title='bbox 75 1589 434 1660; x_wconf 70' lang='lat' dir='ltr'>additamenti&#39;instar</span> <span class='ocrx_word' id='word_1_80' title='bbox 458 1593 487 1657; x_wconf 92' lang='lat' dir='ltr'>si</span> <span class='ocrx_word' id='word_1_81' title='bbox 512 1590 664 1672; x_wconf 89' lang='lat' dir='ltr'>accedat,</span> <span class='ocrx_word' id='word_1_82' title='bbox 690 1589 777 1659; x_wconf 88' lang='lat' dir='ltr'>nihil</span> <span class='ocrx_word' id='word_1_83' title='bbox 800 1591 831 1655; x_wconf 91' lang='lat' dir='ltr'>ei</span> <span class='ocrx_word' id='word_1_84' title='bbox 861 1596 1021 1675; x_wconf 82' lang='lat' dir='ltr'>noceret3</span> <span class='ocrx_word' id='word_1_85' title='bbox 1047 1590 1200 1660; x_wconf 83' lang='lat' dir='ltr'>absentis</span> 
     </span>
     <span class='ocr_line' id='line_1_13' title="bbox 74 1689 1088 1793; baseline 0.001 -31"><span class='ocrx_word' id='word_1_86' title='bbox 74 1718 158 1793; x_wconf 77' lang='lat' dir='ltr'>vero</span> <span class='ocrx_word' id='word_1_87' title='bbox 176 1697 348 1764; x_wconf 83' lang='lat' dir='ltr'>humanae</span> <span class='ocrx_word' id='word_1_88' title='bbox 367 1689 521 1765; x_wconf 85' lang='lat' dir='ltr'>veritatis</span> <span class='ocrx_word' id='word_1_89' title='bbox 542 1699 651 1764; x_wconf 91' lang='lat' dir='ltr'>vicem</span> <span class='ocrx_word' id='word_1_90' title='bbox 672 1697 833 1786; x_wconf 87' lang='lat' dir='ltr'>supplere</span> <span class='ocrx_word' id='word_1_91' title='bbox 851 1698 983 1787; x_wconf 89' lang='lat' dir='ltr'>nequit.</span> <span class='ocrx_word' id='word_1_92' title='bbox 1085 1732 1088 1747; x_wconf 89' lang='lat'>·</span> 
     </span>
    </p>
   </div>
   <div class='ocr_carea' id='block_1_3' title="bbox 612 2010 660 2077">
    <p class='ocr_par' dir='ltr' id='par_1_4' title="bbox 612 2010 660 2077">
     <span class='ocr_line' id='line_1_14' title="bbox 612 2010 660 2077; baseline -0.021 0"><span class='ocrx_word' id='word_1_93' title='bbox 612 2010 660 2077; x_wconf 90' lang='lat' dir='ltr'>Vl</span> 
     </span>
    </p>
   </div>
   <div class='ocr_carea' id='block_1_4' title="bbox 175 2192 1107 2274">
    <p class='ocr_par' dir='ltr' id='par_1_5' title="bbox 175 2192 1107 2274">
     <span class='ocr_line' id='line_1_15' title="bbox 175 2192 1107 2274; baseline 0.001 -3"><span class='ocrx_word' id='word_1_94' title='bbox 175 2228 216 2271; x_wconf 81' lang='lat' dir='ltr'>DE</span> <span class='ocrx_word' id='word_1_95' title='bbox 235 2228 364 2272; x_wconf 81' lang='lat' dir='ltr'>DlDONIS</span> <span class='ocrx_word' id='word_1_96' title='bbox 383 2228 471 2272; x_wconf 78' lang='lat' dir='ltr'>ERGA</span> <span class='ocrx_word' id='word_1_97' title='bbox 490 2230 626 2273; x_wconf 73' lang='lat' dir='ltr'>AENEAM</span> <span class='ocrx_word' id='word_1_98' title='bbox 644 2192 766 2274; x_wconf 75' lang='lat' dir='ltr'>AldORIS</span> <span class='ocrx_word' id='word_1_99' title='bbox 785 2228 900 2274; x_wconf 76' lang='lat' dir='ltr'>CAUSIS</span> <span class='ocrx_word' id='word_1_100' title='bbox 920 2229 958 2272; x_wconf 81' lang='lat' dir='ltr'>ET</span> <span class='ocrx_word' id='word_1_101' title='bbox 976 2230 1107 2274; x_wconf 79' lang='lat' dir='ltr'>NATURA</span> 
     </span>
    </p>
   </div>
   <div class='ocr_carea' id='block_1_5' title="bbox 77 2453 1201 2974">
    <p class='ocr_par' dir='ltr' id='par_1_6' title="bbox 77 2453 1201 2974">
     <span class='ocr_line' id='line_1_16' title="bbox 121 2453 1199 2546; baseline 0.005 -27"><span class='ocrx_word' id='word_1_102' title='bbox 121 2453 239 2520; x_wconf 88' lang='lat' dir='ltr'>Primo</span> <span class='ocrx_word' id='word_1_103' title='bbox 258 2455 366 2540; x_wconf 81' lang='lat' dir='ltr'>igitur</span> <span class='ocrx_word' id='word_1_104' title='bbox 388 2455 478 2522; x_wconf 90' lang='lat' dir='ltr'>libro</span> <span class='ocrx_word' id='word_1_105' title='bbox 498 2460 658 2538; x_wconf 89' lang='lat' dir='ltr'>exeunte,</span> <span class='ocrx_word' id='word_1_106' title='bbox 681 2454 855 2542; x_wconf 86' lang='lat' dir='ltr'>Vergilius</span> <span class='ocrx_word' id='word_1_107' title='bbox 880 2463 953 2523; x_wconf 90' lang='lat' dir='ltr'>tum</span> <span class='ocrx_word' id='word_1_108' title='bbox 977 2459 1199 2546; x_wconf 89' lang='lat' dir='ltr'>praeteritam</span> 
     </span>
     <span class='ocr_line' id='line_1_17' title="bbox 77 2561 1200 2652; baseline 0.003 -24"><span class='ocrx_word' id='word_1_109' title='bbox 77 2561 222 2629; x_wconf 86' lang='lat' dir='ltr'>Didonis</span> <span class='ocrx_word' id='word_1_110' title='bbox 244 2562 369 2644; x_wconf 85' lang='lat' dir='ltr'>vitam,</span> <span class='ocrx_word' id='word_1_111' title='bbox 399 2584 479 2630; x_wconf 92' lang='lat' dir='ltr'>cum</span> <span class='ocrx_word' id='word_1_112' title='bbox 502 2568 720 2652; x_wconf 79' lang='lat' dir='ltr'>praesentem</span> <span class='ocrx_word' id='word_1_113' title='bbox 747 2564 822 2650; x_wconf 84' lang='lat' dir='ltr'>ejus</span> <span class='ocrx_word' id='word_1_114' title='bbox 850 2591 865 2625; x_wconf 75' lang='grc' dir='ltr'>α</span> <span class='ocrx_word' id='word_1_115' title='bbox 887 2563 1036 2630; x_wconf 86' lang='lat' dir='ltr'>labantis</span> <span class='ocrx_word' id='word_1_116' title='bbox 1058 2591 1074 2625; x_wconf 87' lang='lat'>»</span> <span class='ocrx_word' id='word_1_117' title='bbox 1095 2566 1200 2631; x_wconf 88' lang='lat' dir='ltr'>animi</span> 
     </span>
     <span class='ocr_line' id='line_1_18' title="bbox 77 2668 1199 2759; baseline 0.002 -25"><span class='ocrx_word' id='word_1_118' title='bbox 77 2668 235 2734; x_wconf 89' lang='lat' dir='ltr'>habiturn</span> <span class='ocrx_word' id='word_1_119' title='bbox 263 2669 439 2735; x_wconf 89' lang='lat' dir='ltr'>enucleate</span> <span class='ocrx_word' id='word_1_120' title='bbox 461 2669 536 2756; x_wconf 87' lang='lat' dir='ltr'>jam</span> <span class='ocrx_word' id='word_1_121' title='bbox 562 2670 734 2759; x_wconf 81' lang='lat' dir='ltr'>exposuit,</span> <span class='ocrx_word' id='word_1_122' title='bbox 763 2670 850 2736; x_wconf 87' lang='lat' dir='ltr'>adeo</span> <span class='ocrx_word' id='word_1_123' title='bbox 878 2671 981 2737; x_wconf 90' lang='lat' dir='ltr'>etiam</span> <span class='ocrx_word' id='word_1_124' title='bbox 1009 2676 1063 2754; x_wconf 88' lang='lat' dir='ltr'>ut,</span> <span class='ocrx_word' id='word_1_125' title='bbox 1094 2670 1199 2737; x_wconf 87' lang='lat' dir='ltr'>adfir-</span> 
     </span>
     <span class='ocr_line' id='line_1_19' title="bbox 77 2774 1199 2867; baseline 0.002 -26"><span class='ocrx_word' id='word_1_126' title='bbox 77 2780 194 2842; x_wconf 88' lang='lat' dir='ltr'>mante</span> <span class='ocrx_word' id='word_1_127' title='bbox 222 2777 257 2841; x_wconf 93' lang='lat' dir='ltr'>in</span> <span class='ocrx_word' id='word_1_128' title='bbox 282 2774 379 2842; x_wconf 91' lang='lat' dir='ltr'>initio</span> <span class='ocrx_word' id='word_1_129' title='bbox 403 2777 517 2865; x_wconf 89' lang='lat' dir='ltr'>quarti</span> <span class='ocrx_word' id='word_1_130' title='bbox 545 2775 625 2842; x_wconf 93' lang='lat' dir='ltr'>libri</span> <span class='ocrx_word' id='word_1_131' title='bbox 647 2783 750 2867; x_wconf 91' lang='lat' dir='ltr'>poeta</span> <span class='ocrx_word' id='word_1_132' title='bbox 771 2805 787 2838; x_wconf 75' lang='lat' dir='ltr'>a</span> <span class='ocrx_word' id='word_1_133' title='bbox 807 2776 1057 2866; x_wconf 86' lang='lat' dir='ltr'>jamdudum»</span> <span class='ocrx_word' id='word_1_134' title='bbox 1082 2800 1199 2844; x_wconf 90' lang='lat' dir='ltr'>amore</span> 
     </span>
     <span class='ocr_line' id='line_1_20' title="bbox 78 2883 1201 2974; baseline 0 -24"><span class='ocrx_word' id='word_1_135' title='bbox 78 2883 229 2950; x_wconf 87' lang='lat' dir='ltr'>sauciam</span> <span class='ocrx_word' id='word_1_136' title='bbox 248 2905 324 2952; x_wconf 89' lang='lat' dir='ltr'>esse</span> <span class='ocrx_word' id='word_1_137' title='bbox 344 2885 511 2970; x_wconf 83' lang='lat' dir='ltr'>reginam,</span> <span class='ocrx_word' id='word_1_138' title='bbox 539 2906 581 2950; x_wconf 89' lang='lat' dir='ltr'>nc</span> <span class='ocrx_word' id='word_1_139' title='bbox 606 2883 729 2951; x_wconf 89' lang='lat' dir='ltr'>subeat</span> <span class='ocrx_word' id='word_1_140' title='bbox 751 2885 894 2974; x_wconf 89' lang='lat' dir='ltr'>quidem</span> <span class='ocrx_word' id='word_1_141' title='bbox 917 2907 978 2954; x_wconf 88' lang='lat' dir='ltr'>nos</span> <span class='ocrx_word' id='word_1_142' title='bbox 1003 2883 1201 2972; x_wconf 77' lang='lat' dir='ltr'>refragandi</span> 
     </span>
    </p>
   </div>
   <div class='ocr_carea' id='block_1_6' title="bbox 81 3185 1212 4463">
    <p class='ocr_par' dir='ltr' id='par_1_7' title="bbox 81 3185 1208 3821">
     <span class='ocr_line' id='line_1_21' title="bbox 113 3185 1202 3249; baseline 0.002 -15"><span class='ocrx_word' id='word_1_143' title='bbox 113 3186 136 3235; x_wconf 92' lang='lat'>1.</span> <span class='ocrx_word' id='word_1_144' title='bbox 156 3186 192 3237; x_wconf 86' lang='lat' dir='ltr'>Ct.</span> <span class='ocrx_word' id='word_1_145' title='bbox 210 3186 330 3249; x_wconf 83' lang='lat' dir='ltr'>B01ssian,</span> <span class='ocrx_word' id='word_1_146' title='bbox 344 3189 425 3239; x_wconf 84' lang='lat' dir='ltr'>Nouo.</span> <span class='ocrx_word' id='word_1_147' title='bbox 440 3189 559 3237; x_wconf 82' lang='lat' dir='ltr'>Promea.</span> <span class='ocrx_word' id='word_1_148' title='bbox 575 3185 699 3245; x_wconf 67' lang='lat' dir='ltr'>urcbeol„</span> <span class='ocrx_word' id='word_1_149' title='bbox 714 3185 816 3235; x_wconf 75' lang='lat' dir='ltr'>30e304</span> <span class='ocrx_word' id='word_1_150' title='bbox 833 3204 838 3235; x_wconf 93' lang='lat'><strong>:</strong></span> <span class='ocrx_word' id='word_1_151' title='bbox 855 3206 867 3230; x_wconf 92' lang='lat'>«</span> <span class='ocrx_word' id='word_1_152' title='bbox 927 3187 1102 3237; x_wconf 77' lang='lat' dir='ltr'>Anione-nous</span> <span class='ocrx_word' id='word_1_153' title='bbox 1117 3186 1202 3237; x_wconf 82' lang='lat' dir='ltr'>besoin</span> 
     </span>
     <span class='ocr_line' id='line_1_22' title="bbox 81 3257 1203 3324; baseline 0.001 -17"><span class='ocrx_word' id='word_1_154' title='bbox 81 3257 114 3307; x_wconf 87' lang='lat' dir='ltr'>de</span> <span class='ocrx_word' id='word_1_155' title='bbox 130 3257 326 3308; x_wconf 82' lang='lat' dir='ltr'>l&#39;tnteruenlion</span> <span class='ocrx_word' id='word_1_156' title='bbox 343 3259 446 3309; x_wconf 86' lang='lat' dir='ltr'>detaut</span> <span class='ocrx_word' id='word_1_157' title='bbox 462 3259 494 3308; x_wconf 85' lang='lat' dir='ltr'>dc</span> <span class='ocrx_word' id='word_1_158' title='bbox 509 3259 631 3307; x_wconf 82' lang='lat' dir='ltr'>divinite&#39;c</span> <span class='ocrx_word' id='word_1_159' title='bbox 638 3272 709 3321; x_wconf 88' lang='lat' dir='ltr'>pour</span> <span class='ocrx_word' id='word_1_160' title='bbox 719 3273 782 3306; x_wconf 82' lang='lat' dir='ltr'>nous</span> <span class='ocrx_word' id='word_1_161' title='bbox 791 3258 928 3322; x_wconf 75' lang='lat' dir='ltr'>expliquer</span> <span class='ocrx_word' id='word_1_162' title='bbox 938 3261 1066 3307; x_wconf 80' lang='lat' dir='ltr'>comment</span> <span class='ocrx_word' id='word_1_163' title='bbox 1075 3258 1096 3307; x_wconf 84' lang='lat' dir='ltr'>il</span> <span class='ocrx_word' id='word_1_164' title='bbox 1109 3275 1135 3308; x_wconf 86' lang='lat' dir='ltr'>se</span> <span class='ocrx_word' id='word_1_165' title='bbox 1149 3261 1203 3324; x_wconf 80' lang='lat' dir='ltr'>salt</span> 
     </span>
     <span class='ocr_line' id='line_1_23' title="bbox 82 3328 1204 3395; baseline 0.003 -17"><span class='ocrx_word' id='word_1_166' title='bbox 82 3328 180 3394; x_wconf 82' lang='lat' dir='ltr'>qu’une</span> <span class='ocrx_word' id='word_1_167' title='bbox 193 3330 288 3392; x_wconf 79' lang='lat' dir='ltr'>semme</span> <span class='ocrx_word' id='word_1_168' title='bbox 298 3331 381 3395; x_wconf 85' lang='lat' dir='ltr'>jeune</span> <span class='ocrx_word' id='word_1_169' title='bbox 394 3334 420 3379; x_wconf 86' lang='lat' dir='ltr'>et</span> <span class='ocrx_word' id='word_1_170' title='bbox 436 3329 508 3389; x_wconf 85' lang='lat' dir='ltr'>belle,</span> <span class='ocrx_word' id='word_1_171' title='bbox 524 3332 571 3395; x_wconf 83' lang='lat' dir='ltr'>qut</span> <span class='ocrx_word' id='word_1_172' title='bbox 584 3346 601 3378; x_wconf 92' lang='lat' dir='ltr'>a</span> <span class='ocrx_word' id='word_1_173' title='bbox 616 3329 749 3393; x_wconf 84' lang='lat' dir='ltr'>beaucoup</span> <span class='ocrx_word' id='word_1_174' title='bbox 765 3331 845 3388; x_wconf 75' lang='lat' dir='ltr'>aime,</span> <span class='ocrx_word' id='word_1_175' title='bbox 867 3329 986 3394; x_wconf 76' lang='lat' dir='ltr'>s’tprend</span> <span class='ocrx_word' id='word_1_176' title='bbox 1002 3345 1038 3379; x_wconf 89' lang='lat' dir='ltr'>un</span> <span class='ocrx_word' id='word_1_177' title='bbox 1055 3331 1121 3394; x_wconf 67' lang='lat' dir='ltr'>pour</span> <span class='ocrx_word' id='word_1_178' title='bbox 1140 3331 1204 3382; x_wconf 81' lang='lat' dir='ltr'>d&#39;un</span> 
     </span>
     <span class='ocr_line' id='line_1_24' title="bbox 83 3399 1206 3464; baseline 0.003 -15"><span class='ocrx_word' id='word_1_179' title='bbox 83 3400 160 3450; x_wconf 76' lang='lat' dir='ltr'>beroa</span> <span class='ocrx_word' id='word_1_180' title='bbox 171 3401 218 3464; x_wconf 83' lang='lat' dir='ltr'>qui</span> <span class='ocrx_word' id='word_1_181' title='bbox 232 3400 270 3449; x_wconf 82' lang='lat' dir='ltr'>lui</span> <span class='ocrx_word' id='word_1_182' title='bbox 284 3405 391 3450; x_wconf 83' lang='lat' dir='ltr'>recente</span> <span class='ocrx_word' id='word_1_183' title='bbox 405 3400 483 3450; x_wconf 86' lang='lat' dir='ltr'>d&#39;une</span> <span class='ocrx_word' id='word_1_184' title='bbox 497 3399 616 3451; x_wconf 72' lang='lat' dir='ltr'>muniere</span> <span class='ocrx_word' id='word_1_185' title='bbox 629 3401 652 3450; x_wconf 84' lang='lat' dir='ltr'>si</span> <span class='ocrx_word' id='word_1_186' title='bbox 667 3401 809 3450; x_wconf 81' lang='lat' dir='ltr'>touchante</span> <span class='ocrx_word' id='word_1_187' title='bbox 823 3416 864 3451; x_wconf 77' lang='lat' dir='ltr'>aes</span> <span class='ocrx_word' id='word_1_188' title='bbox 877 3400 1012 3450; x_wconf 82' lang='lat' dir='ltr'>malheurs</span> <span class='ocrx_word' id='word_1_189' title='bbox 1030 3407 1055 3451; x_wconf 82' lang='lat' dir='ltr'>et</span> <span class='ocrx_word' id='word_1_190' title='bbox 1073 3418 1112 3452; x_wconf 82' lang='lat' dir='ltr'>ses</span> <span class='ocrx_word' id='word_1_191' title='bbox 1127 3417 1206 3452; x_wconf 86' lang='lat' dir='ltr'>aven-</span> 
     </span>
     <span class='ocr_line' id='line_1_25' title="bbox 83 3472 1206 3536; baseline 0 -16"><span class='ocrx_word' id='word_1_192' title='bbox 83 3472 180 3522; x_wconf 81' lang='lat' dir='ltr'>turcs?</span> <span class='ocrx_word' id='word_1_193' title='bbox 196 3490 207 3516; x_wconf 75' lang='lat' dir='ltr'>a</span> <span class='ocrx_word' id='word_1_194' title='bbox 220 3499 251 3508; x_wconf 93' lang='lat'>—</span> <span class='ocrx_word' id='word_1_195' title='bbox 265 3472 331 3521; x_wconf 88' lang='lat' dir='ltr'>Bene</span> <span class='ocrx_word' id='word_1_196' title='bbox 345 3477 369 3522; x_wconf 90' lang='lat' dir='ltr'>et</span> <span class='ocrx_word' id='word_1_197' title='bbox 383 3473 445 3521; x_wconf 90' lang='lat' dir='ltr'>illud</span> <span class='ocrx_word' id='word_1_198' title='bbox 460 3473 542 3521; x_wconf 88' lang='lat' dir='ltr'>nescio</span> <span class='ocrx_word' id='word_1_199' title='bbox 557 3473 612 3535; x_wconf 87' lang='lat' dir='ltr'>quis</span> <span class='ocrx_word' id='word_1_200' title='bbox 627 3473 777 3533; x_wconf 84' lang='lat' dir='ltr'>observavit,</span> <span class='ocrx_word' id='word_1_201' title='bbox 792 3487 822 3521; x_wconf 93' lang='lat' dir='ltr'>ne</span> <span class='ocrx_word' id='word_1_202' title='bbox 836 3487 933 3522; x_wconf 89' lang='lat' dir='ltr'>monere</span> <span class='ocrx_word' id='word_1_203' title='bbox 944 3473 1042 3535; x_wconf 91' lang='lat' dir='ltr'>quidem</span> <span class='ocrx_word' id='word_1_204' title='bbox 1057 3488 1102 3522; x_wconf 91' lang='lat' dir='ltr'>nos</span> <span class='ocrx_word' id='word_1_205' title='bbox 1118 3473 1206 3536; x_wconf 84' lang='lat' dir='ltr'>Vergi-</span> 
     </span>
     <span class='ocr_line' id='line_1_26' title="bbox 83 3542 1204 3607; baseline 0 -16"><span class='ocrx_word' id='word_1_206' title='bbox 83 3544 144 3592; x_wconf 88' lang='lat' dir='ltr'>lium</span> <span class='ocrx_word' id='word_1_207' title='bbox 159 3543 255 3606; x_wconf 86' lang='lat' dir='ltr'>quando</span> <span class='ocrx_word' id='word_1_208' title='bbox 271 3542 365 3606; x_wconf 89' lang='lat' dir='ltr'>Cupido</span> <span class='ocrx_word' id='word_1_209' title='bbox 380 3545 512 3592; x_wconf 86' lang='lat' dir='ltr'>recesserit</span> <span class='ocrx_word' id='word_1_210' title='bbox 523 3558 639 3607; x_wconf 88' lang='lat' dir='ltr'>suamque</span> <span class='ocrx_word' id='word_1_211' title='bbox 651 3545 676 3591; x_wconf 93' lang='lat' dir='ltr'>in</span> <span class='ocrx_word' id='word_1_212' title='bbox 689 3545 796 3606; x_wconf 89' lang='lat' dir='ltr'>speciem</span> <span class='ocrx_word' id='word_1_213' title='bbox 808 3543 933 3606; x_wconf 81' lang='lat' dir='ltr'>Astyanax</span> <span class='ocrx_word' id='word_1_214' title='bbox 948 3543 1049 3592; x_wconf 89' lang='lat' dir='ltr'>redierit</span> <span class='ocrx_word' id='word_1_215' title='bbox 1063 3559 1069 3591; x_wconf 91' lang='lat'>:</span> <span class='ocrx_word' id='word_1_216' title='bbox 1083 3545 1143 3593; x_wconf 90' lang='lat' dir='ltr'>adeo</span> <span class='ocrx_word' id='word_1_217' title='bbox 1157 3559 1204 3593; x_wconf 90' lang='lat' dir='ltr'>non</span> 
     </span>
     <span class='ocr_line' id='line_1_27' title="bbox 83 3612 1207 3678; baseline -0.001 -14"><span class='ocrx_word' id='word_1_218' title='bbox 83 3615 250 3664; x_wconf 86' lang='lat' dir='ltr'>necessarium</span> <span class='ocrx_word' id='word_1_219' title='bbox 265 3620 317 3664; x_wconf 87' lang='lat' dir='ltr'>erat</span> <span class='ocrx_word' id='word_1_220' title='bbox 331 3615 387 3678; x_wconf 88' lang='lat' dir='ltr'>(etsi</span> <span class='ocrx_word' id='word_1_221' title='bbox 401 3615 589 3678; x_wconf 87' lang='lat' dir='ltr'>quodammodo,</span> <span class='ocrx_word' id='word_1_222' title='bbox 606 3619 720 3677; x_wconf 86' lang='lat' dir='ltr'>utsupra</span> <span class='ocrx_word' id='word_1_223' title='bbox 734 3614 825 3663; x_wconf 83' lang='lat' dir='ltr'>dictum</span> <span class='ocrx_word' id='word_1_224' title='bbox 839 3620 885 3673; x_wconf 88' lang='lat' dir='ltr'>est,</span> <span class='ocrx_word' id='word_1_225' title='bbox 904 3615 981 3678; x_wconf 85' lang='lat' dir='ltr'>utile),</span> <span class='ocrx_word' id='word_1_226' title='bbox 998 3612 1109 3663; x_wconf 84' lang='lat' dir='ltr'>adhiberi</span> <span class='ocrx_word' id='word_1_227' title='bbox 1121 3616 1146 3663; x_wconf 88' lang='lat' dir='ltr'>in</span> <span class='ocrx_word' id='word_1_228' title='bbox 1162 3616 1207 3663; x_wconf 88' lang='lat' dir='ltr'>hac</span> 
     </span>
     <span class='ocr_line' id='line_1_28' title="bbox 85 3683 1206 3751; baseline -0.002 -15"><span class='ocrx_word' id='word_1_229' title='bbox 85 3701 112 3736; x_wconf 87' lang='lat' dir='ltr'>rc</span> <span class='ocrx_word' id='word_1_230' title='bbox 132 3687 172 3734; x_wconf 89' lang='lat' dir='ltr'>dei</span> <span class='ocrx_word' id='word_1_231' title='bbox 189 3687 292 3749; x_wconf 87' lang='lat' dir='ltr'>alicujus</span> <span class='ocrx_word' id='word_1_232' title='bbox 307 3686 462 3747; x_wconf 78' lang='lat' dir='ltr'>industriam.</span> <span class='ocrx_word' id='word_1_233' title='bbox 482 3713 513 3722; x_wconf 90' lang='lat'>—</span> <span class='ocrx_word' id='word_1_234' title='bbox 530 3686 567 3735; x_wconf 76' lang='lat' dir='ltr'>Cf,</span> <span class='ocrx_word' id='word_1_235' title='bbox 586 3683 707 3744; x_wconf 74' lang='lat' dir='ltr'>Kviliai,</span> <span class='ocrx_word' id='word_1_236' title='bbox 727 3685 956 3751; x_wconf 77' lang='lat' dir='ltr'>Verpil-Studien,</span> <span class='ocrx_word' id='word_1_237' title='bbox 972 3700 996 3747; x_wconf 91' lang='lat' dir='ltr'>p.</span> <span class='ocrx_word' id='word_1_238' title='bbox 1015 3685 1060 3734; x_wconf 78' lang='lat'>158</span> <span class='ocrx_word' id='word_1_239' title='bbox 1079 3700 1132 3749; x_wconf 87' lang='lat' dir='ltr'>sqq.</span> <span class='ocrx_word' id='word_1_240' title='bbox 1151 3688 1206 3748; x_wconf 90' lang='lat' dir='ltr'>qui,</span> 
     </span>
     <span class='ocr_line' id='line_1_29' title="bbox 85 3756 1208 3821; baseline -0.001 -15"><span class='ocrx_word' id='word_1_241' title='bbox 85 3773 111 3821; x_wconf 89' lang='lat' dir='ltr'>p.</span> <span class='ocrx_word' id='word_1_242' title='bbox 123 3757 178 3815; x_wconf 88' lang='lat'>160,</span> <span class='ocrx_word' id='word_1_243' title='bbox 190 3756 292 3806; x_wconf 88' lang='lat' dir='ltr'>Veneris</span> <span class='ocrx_word' id='word_1_244' title='bbox 302 3758 359 3807; x_wconf 91' lang='lat' dir='ltr'>dolo</span> <span class='ocrx_word' id='word_1_245' title='bbox 369 3772 429 3821; x_wconf 86' lang='lat' dir='ltr'>opus</span> <span class='ocrx_word' id='word_1_246' title='bbox 444 3771 499 3807; x_wconf 88' lang='lat' dir='ltr'>esse</span> <span class='ocrx_word' id='word_1_247' title='bbox 508 3758 604 3820; x_wconf 87' lang='lat' dir='ltr'>judicat</span> <span class='ocrx_word' id='word_1_248' title='bbox 619 3761 643 3805; x_wconf 92' lang='lat' dir='ltr'>ut</span> <span class='ocrx_word' id='word_1_249' title='bbox 656 3759 726 3819; x_wconf 88' lang='lat' dir='ltr'>quasi</span> <span class='ocrx_word' id='word_1_250' title='bbox 741 3759 836 3820; x_wconf 85' lang='lat' dir='ltr'>sopitus</span> <span class='ocrx_word' id='word_1_251' title='bbox 851 3757 954 3806; x_wconf 87' lang='lat' dir='ltr'>Didonis</span> <span class='ocrx_word' id='word_1_252' title='bbox 968 3771 1035 3805; x_wconf 88' lang='lat' dir='ltr'>amor</span> <span class='ocrx_word' id='word_1_253' title='bbox 1049 3759 1208 3820; x_wconf 79' lang='lat' dir='ltr'>expergefiat.</span> 
     </span>
    </p>

    <p class='ocr_par' dir='ltr' id='par_1_8' title="bbox 85 3824 1209 3963">
     <span class='ocr_line' id='line_1_30' title="bbox 117 3824 1209 3901; baseline -0.002 -23"><span class='ocrx_word' id='word_1_254' title='bbox 117 3829 142 3878; x_wconf 77' lang='lat'>2.</span> <span class='ocrx_word' id='word_1_255' title='bbox 160 3830 269 3892; x_wconf 68' lang='lat' dir='ltr'>Arpen„</span> <span class='ocrx_word' id='word_1_256' title='bbox 286 3829 325 3889; x_wconf 87' lang='grc' dir='ltr'><strong>ΙΙΙ,</strong></span> <span class='ocrx_word' id='word_1_257' title='bbox 341 3829 388 3878; x_wconf 76' lang='grc'>284</span> <span class='ocrx_word' id='word_1_258' title='bbox 404 3843 409 3877; x_wconf 87' lang='lat'>:</span> <span class='ocrx_word' id='word_1_259' title='bbox 427 3824 470 3893; x_wconf 80' lang='grc' dir='ltr'>ἧκ’</span> <span class='ocrx_word' id='word_1_260' title='bbox 488 3830 530 3879; x_wconf 77' lang='grc' dir='ltr'>ἐπὶ</span> <span class='ocrx_word' id='word_1_261' title='bbox 544 3828 651 3901; x_wconf 73' lang='grc' dir='ltr'>Μηδείῃ·</span> <span class='ocrx_word' id='word_1_262' title='bbox 672 3828 715 3890; x_wconf 87' lang='grc' dir='ltr'>τὴν</span> <span class='ocrx_word' id='word_1_263' title='bbox 733 3825 872 3892; x_wconf 80' lang='grc' dir='ltr'>δ’ἀμφασίη</span> <span class='ocrx_word' id='word_1_264' title='bbox 893 3828 953 3878; x_wconf 70' lang='lat' dir='ltr'>luite</span> <span class='ocrx_word' id='word_1_265' title='bbox 969 3829 1053 3891; x_wconf 76' lang='grc' dir='ltr'>θυμὸν.</span> <span class='ocrx_word' id='word_1_266' title='bbox 1069 3856 1100 3865; x_wconf 94' lang='grc'>-</span> <span class='ocrx_word' id='word_1_267' title='bbox 1120 3830 1209 3877; x_wconf 84' lang='lat' dir='ltr'>Postea</span> 
     </span>
     <span class='ocr_line' id='line_1_31' title="bbox 85 3898 1207 3963; baseline -0.004 -12"><span class='ocrx_word' id='word_1_268' title='bbox 85 3901 253 3951; x_wconf 86' lang='lat' dir='ltr'>tantummodo</span> <span class='ocrx_word' id='word_1_269' title='bbox 267 3900 379 3949; x_wconf 82' lang='lat' dir='ltr'>iasonem</span> <span class='ocrx_word' id='word_1_270' title='bbox 394 3901 514 3963; x_wconf 86' lang='lat' dir='ltr'>conspicit</span> <span class='ocrx_word' id='word_1_271' title='bbox 528 3900 624 3948; x_wconf 87' lang='lat' dir='ltr'>Medea.</span> <span class='ocrx_word' id='word_1_272' title='bbox 636 3927 666 3936; x_wconf 95' lang='lat'>—</span> <span class='ocrx_word' id='word_1_273' title='bbox 678 3899 713 3949; x_wconf 83' lang='lat' dir='ltr'>Cl.</span> <span class='ocrx_word' id='word_1_274' title='bbox 733 3900 822 3958; x_wconf 76' lang='lat' dir='ltr'>Couir,</span> <span class='ocrx_word' id='word_1_275' title='bbox 838 3900 910 3947; x_wconf 73' lang='lat' dir='ltr'>Pate.</span> <span class='ocrx_word' id='word_1_276' title='bbox 928 3898 1080 3958; x_wconf 72' lang='lat' dir='ltr'>alexandr„</span> <span class='ocrx_word' id='word_1_277' title='bbox 1094 3899 1207 3948; x_wconf 72' lang='lat'>152-153.</span> 
     </span>
    </p>

    <p class='ocr_par' dir='ltr' id='par_1_9' title="bbox 118 3970 591 4034">
     <span class='ocr_line' id='line_1_32' title="bbox 118 3970 591 4034; baseline 0.002 -15"><span class='ocrx_word' id='word_1_278' title='bbox 118 3970 142 4020; x_wconf 86' lang='lat'>3.</span> <span class='ocrx_word' id='word_1_279' title='bbox 160 3972 267 4034; x_wconf 63' lang='lat' dir='ltr'>Areon„</span> <span class='ocrx_word' id='word_1_280' title='bbox 284 3971 323 4031; x_wconf 89' lang='grc' dir='ltr'><strong>ΙΙΙ,</strong></span> <span class='ocrx_word' id='word_1_281' title='bbox 337 3970 384 4020; x_wconf 81' lang='lat'>253</span> <span class='ocrx_word' id='word_1_282' title='bbox 398 3986 463 4034; x_wconf 85' lang='lat' dir='ltr'>sqq,</span> <span class='ocrx_word' id='word_1_283' title='bbox 479 3972 526 4020; x_wconf 72' lang='lat'>275</span> <span class='ocrx_word' id='word_1_284' title='bbox 538 3985 591 4034; x_wconf 84' lang='lat' dir='ltr'>sqq.</span> 
     </span>
    </p>

    <p class='ocr_par' dir='ltr' id='par_1_10' title="bbox 87 4040 1212 4463">
     <span class='ocr_line' id='line_1_33' title="bbox 118 4040 1210 4107; baseline 0 -17"><span class='ocrx_word' id='word_1_285' title='bbox 118 4043 142 4090; x_wconf 80' lang='lat' dir='ltr'>t.</span> <span class='ocrx_word' id='word_1_286' title='bbox 163 4041 250 4103; x_wconf 76' lang='lat' dir='ltr'>Coonr,</span> <span class='ocrx_word' id='word_1_287' title='bbox 266 4057 306 4106; x_wconf 90' lang='lat' dir='ltr'>op.</span> <span class='ocrx_word' id='word_1_288' title='bbox 323 4044 376 4104; x_wconf 75' lang='lat' dir='ltr'>cit,</span> <span class='ocrx_word' id='word_1_289' title='bbox 394 4058 418 4105; x_wconf 87' lang='lat' dir='ltr'>p.</span> <span class='ocrx_word' id='word_1_290' title='bbox 435 4042 482 4094; x_wconf 87' lang='grc'>309</span> <span class='ocrx_word' id='word_1_291' title='bbox 497 4059 502 4093; x_wconf 91' lang='lat'>:</span> <span class='ocrx_word' id='word_1_292' title='bbox 522 4063 533 4087; x_wconf 72' lang='lat' dir='ltr'>a</span> <span class='ocrx_word' id='word_1_293' title='bbox 549 4042 573 4092; x_wconf 88' lang='lat' dir='ltr'>ll</span> <span class='ocrx_word' id='word_1_294' title='bbox 586 4045 650 4106; x_wconf 81' lang='lat' dir='ltr'>faut</span> <span class='ocrx_word' id='word_1_295' title='bbox 672 4056 767 4091; x_wconf 87' lang='lat' dir='ltr'>auoucr</span> <span class='ocrx_word' id='word_1_296' title='bbox 791 4056 841 4105; x_wconf 86' lang='lat' dir='ltr'>que</span> <span class='ocrx_word' id='word_1_297' title='bbox 856 4040 881 4090; x_wconf 88' lang='lat' dir='ltr'>le</span> <span class='ocrx_word' id='word_1_298' title='bbox 905 4040 1009 4091; x_wconf 85' lang='lat' dir='ltr'>tableau</span> <span class='ocrx_word' id='word_1_299' title='bbox 1028 4042 1074 4105; x_wconf 87' lang='lat' dir='ltr'>(de</span> <span class='ocrx_word' id='word_1_300' title='bbox 1089 4041 1210 4107; x_wconf 84' lang='lat' dir='ltr'>Cupidon</span> 
     </span>
     <span class='ocr_line' id='line_1_34' title="bbox 87 4112 1211 4179; baseline -0.003 -14"><span class='ocrx_word' id='word_1_301' title='bbox 87 4114 168 4165; x_wconf 78' lang='lat' dir='ltr'>blotti</span> <span class='ocrx_word' id='word_1_302' title='bbox 180 4117 253 4162; x_wconf 83' lang='lat' dir='ltr'>entre</span> <span class='ocrx_word' id='word_1_303' title='bbox 269 4114 304 4164; x_wconf 86' lang='lat' dir='ltr'>les</span> <span class='ocrx_word' id='word_1_304' title='bbox 311 4113 418 4178; x_wconf 73' lang='lat' dir='ltr'>jambos</span> <span class='ocrx_word' id='word_1_305' title='bbox 432 4114 465 4164; x_wconf 87' lang='lat' dir='ltr'>de</span> <span class='ocrx_word' id='word_1_306' title='bbox 477 4115 572 4176; x_wconf 76' lang='lat' dir='ltr'>lason)</span> <span class='ocrx_word' id='word_1_307' title='bbox 587 4116 626 4162; x_wconf 84' lang='lat' dir='ltr'>cst</span> <span class='ocrx_word' id='word_1_308' title='bbox 639 4113 700 4178; x_wconf 86' lang='lat' dir='ltr'>plus</span> <span class='ocrx_word' id='word_1_309' title='bbox 708 4112 764 4179; x_wconf 86' lang='lat' dir='ltr'>juli</span> <span class='ocrx_word' id='word_1_310' title='bbox 777 4127 827 4177; x_wconf 83' lang='lat' dir='ltr'>quc</span> <span class='ocrx_word' id='word_1_311' title='bbox 844 4113 977 4172; x_wconf 79' lang='lat' dir='ltr'>touchant,</span> <span class='ocrx_word' id='word_1_312' title='bbox 990 4117 1015 4162; x_wconf 84' lang='lat' dir='ltr'>ct</span> <span class='ocrx_word' id='word_1_313' title='bbox 1025 4129 1091 4162; x_wconf 83' lang='lat' dir='ltr'>nous</span> <span class='ocrx_word' id='word_1_314' title='bbox 1098 4116 1211 4178; x_wconf 72' lang='lat' dir='ltr'>prepare</span> 
     </span>
     <span class='ocr_line' id='line_1_35' title="bbox 88 4183 1211 4250; baseline -0.003 -15"><span class='ocrx_word' id='word_1_315' title='bbox 88 4186 148 4235; x_wconf 84' lang='lat' dir='ltr'>bien</span> <span class='ocrx_word' id='word_1_316' title='bbox 160 4200 213 4249; x_wconf 85' lang='lat' dir='ltr'>peu</span> <span class='ocrx_word' id='word_1_317' title='bbox 227 4200 284 4235; x_wconf 80' lang='lat' dir='ltr'>aux</span> <span class='ocrx_word' id='word_1_318' title='bbox 298 4186 433 4250; x_wconf 80' lang='lat' dir='ltr'>tropiques</span> <span class='ocrx_word' id='word_1_319' title='bbox 453 4186 530 4250; x_wconf 80' lang='lat' dir='ltr'>effeta</span> <span class='ocrx_word' id='word_1_320' title='bbox 544 4186 590 4250; x_wconf 83' lang='lat' dir='ltr'>qui</span> <span class='ocrx_word' id='word_1_321' title='bbox 605 4190 666 4234; x_wconf 85' lang='lat' dir='ltr'>aaut</span> <span class='ocrx_word' id='word_1_322' title='bbox 686 4187 781 4236; x_wconf 80' lang='lat' dir='ltr'>sutore.</span> <span class='ocrx_word' id='word_1_323' title='bbox 799 4204 810 4228; x_wconf 76' lang='lat' dir='ltr'>n</span> <span class='ocrx_word' id='word_1_324' title='bbox 827 4185 854 4232; x_wconf 90' lang='lat' dir='ltr'>P.</span> <span class='ocrx_word' id='word_1_325' title='bbox 874 4183 920 4233; x_wconf 88' lang='grc'>310</span> <span class='ocrx_word' id='word_1_326' title='bbox 936 4200 942 4232; x_wconf 90' lang='lat'>:</span> <span class='ocrx_word' id='word_1_327' title='bbox 959 4205 972 4229; x_wconf 75' lang='lat' dir='ltr'>a</span> <span class='ocrx_word' id='word_1_328' title='bbox 988 4186 1093 4234; x_wconf 79' lang='lat' dir='ltr'>Bientot</span> <span class='ocrx_word' id='word_1_329' title='bbox 1107 4185 1211 4249; x_wconf 84' lang='lat' dir='ltr'>Apollo-</span> 
     </span>
     <span class='ocr_line' id='line_1_36' title="bbox 88 4253 1212 4322; baseline -0.002 -15"><span class='ocrx_word' id='word_1_330' title='bbox 88 4259 152 4308; x_wconf 84' lang='lat' dir='ltr'>nius</span> <span class='ocrx_word' id='word_1_331' title='bbox 169 4259 231 4320; x_wconf 75' lang='lat' dir='ltr'>fera</span> <span class='ocrx_word' id='word_1_332' title='bbox 245 4257 389 4307; x_wconf 84' lang='lat' dir='ltr'>interuenir</span> <span class='ocrx_word' id='word_1_333' title='bbox 407 4272 459 4306; x_wconf 89' lang='lat' dir='ltr'>non</span> <span class='ocrx_word' id='word_1_334' title='bbox 479 4257 542 4322; x_wconf 79' lang='lat' dir='ltr'>plus</span> <span class='ocrx_word' id='word_1_335' title='bbox 563 4253 626 4304; x_wconf 82' lang='lat' dir='ltr'>Eros</span> <span class='ocrx_word' id='word_1_336' title='bbox 646 4256 717 4315; x_wconf 79' lang='lat' dir='ltr'>seul,</span> <span class='ocrx_word' id='word_1_337' title='bbox 740 4257 809 4306; x_wconf 85' lang='lat' dir='ltr'>mais</span> <span class='ocrx_word' id='word_1_338' title='bbox 830 4255 858 4304; x_wconf 87' lang='lat' dir='ltr'>la</span> <span class='ocrx_word' id='word_1_339' title='bbox 880 4258 972 4320; x_wconf 85' lang='lat' dir='ltr'>troupe</span> <span class='ocrx_word' id='word_1_340' title='bbox 995 4255 1146 4306; x_wconf 83' lang='lat' dir='ltr'>turbulente</span> <span class='ocrx_word' id='word_1_341' title='bbox 1167 4256 1212 4306; x_wconf 80' lang='lat' dir='ltr'>des</span> 
     </span>
     <span class='ocr_line' id='line_1_37' title="bbox 89 4319 1212 4393; baseline 0.001 -16"><span class='ocrx_word' id='word_1_342' title='bbox 89 4319 169 4386; x_wconf 72' lang='lat' dir='ltr'>Eros,</span> <span class='ocrx_word' id='word_1_343' title='bbox 188 4331 214 4377; x_wconf 86' lang='lat' dir='ltr'>et</span> <span class='ocrx_word' id='word_1_344' title='bbox 227 4330 365 4377; x_wconf 76' lang='lat' dir='ltr'>ramenera</span> <span class='ocrx_word' id='word_1_345' title='bbox 379 4330 449 4377; x_wconf 81' lang='lat' dir='ltr'>ainai</span> <span class='ocrx_word' id='word_1_346' title='bbox 464 4331 539 4377; x_wconf 84' lang='lat' dir='ltr'>notre</span> <span class='ocrx_word' id='word_1_347' title='bbox 552 4334 657 4391; x_wconf 68' lang='lat' dir='ltr'>pensae,</span> <span class='ocrx_word' id='word_1_348' title='bbox 680 4326 788 4376; x_wconf 84' lang='lat' dir='ltr'>d’utord</span> <span class='ocrx_word' id='word_1_349' title='bbox 806 4326 906 4375; x_wconf 77' lang='lat' dir='ltr'>aedulte</span> <span class='ocrx_word' id='word_1_350' title='bbox 923 4342 975 4390; x_wconf 89' lang='lat' dir='ltr'>par</span> <span class='ocrx_word' id='word_1_351' title='bbox 988 4342 1037 4376; x_wconf 82' lang='lat' dir='ltr'>son</span> <span class='ocrx_word' id='word_1_352' title='bbox 1057 4328 1212 4393; x_wconf 81' lang='lat' dir='ltr'>palletique</span> 
     </span>
     <span class='ocr_line' id='line_1_38' title="bbox 90 4398 896 4463; baseline -0.001 -11"><span class='ocrx_word' id='word_1_353' title='bbox 90 4401 166 4459; x_wconf 80' lang='lat' dir='ltr'>rtcil,</span> <span class='ocrx_word' id='word_1_354' title='bbox 182 4414 238 4450; x_wconf 86' lang='lat' dir='ltr'>vers</span> <span class='ocrx_word' id='word_1_355' title='bbox 253 4398 289 4450; x_wconf 83' lang='lat' dir='ltr'>les</span> <span class='ocrx_word' id='word_1_356' title='bbox 305 4398 435 4448; x_wconf 75' lang='lat' dir='ltr'>banalitts</span> <span class='ocrx_word' id='word_1_357' title='bbox 451 4399 483 4448; x_wconf 87' lang='lat' dir='ltr'>de</span> <span class='ocrx_word' id='word_1_358' title='bbox 497 4398 524 4448; x_wconf 88' lang='lat' dir='ltr'>la</span> <span class='ocrx_word' id='word_1_359' title='bbox 539 4398 694 4448; x_wconf 75' lang='lat' dir='ltr'>litterature</span> <span class='ocrx_word' id='word_1_360' title='bbox 708 4399 854 4463; x_wconf 77' lang='lat' dir='ltr'>trotique...</span> <span class='ocrx_word' id='word_1_361' title='bbox 874 4417 896 4451; x_wconf 73' lang='grc'>»,</span> 
     </span>
    </p>
   </div>
   <div class='ocr_carea' id='block_1_7' title="bbox 0 0 1452 4928">
    <p class='ocr_par' dir='ltr' id='par_1_11' title="bbox 0 0 1452 4928">
     <span class='ocr_line' id='line_1_39' title="bbox 0 0 1452 4928; baseline 0 0"><span class='ocrx_word' id='word_1_362' title='bbox 0 0 1452 4928; x_wconf 95' lang='lat' dir='ltr'> </span> 
     </span>
    </p>
   </div>
  </div>
 </body>
</html>
