2844 4928
228 327 292 394 156
523 311 527 315 ’
700 347 875 395 condrosio.

269 521 367 590 Istud
381 544 518 613 quoque
535 523 732 589 meminisse
752 524 851 590 decet
871 522 914 588 de
933 520 1057 587 iisdem
1077 525 1221 587 eatenus
1244 519 1349 589 disse·

226 653 302 697 rere
332 628 543 715 Vergilium,
573 635 743 719 quatenus
768 629 813 696 ad
835 650 1016 696 commune
1040 627 1146 693 totius
1177 628 1348 717 poematis

226 738 408 805 eonsilium
426 758 568 802 neeesse
587 742 650 803 est.
672 737 775 803 Novit
795 737 887 803 enim
906 735 963 801 hio
982 754 1147 801 areanum
1166 734 1256 800 illud
1276 735 1350 824 pul-

226 844 416 911 cherrimae
430 863 577 933 poeseos
597 843 902 925 oblectamentum,
916 842 1045 909 seilicet
1059 841 1349 928 recognoscendi

225 952 384 1041 voluptas
405 950 604 1038 legentibus
630 956 702 1016 tam
730 950 834 1039 plena
857 949 1079 1040 perfectaque
1105 948 1350 1037 suppeditetur

226 1080 330 1148 quam
351 1081 391 1124 ex
409 1058 572 1139 historia3
601 1059 648 1123 ita
677 1064 715 1123 ut
742 1062 862 1123 nostra
889 1055 1019 1123 sciendi
1043 1054 1154 1120 libido
1182 1077 1252 1121 non
1280 1061 1350 1122 tam

226 1171 398 1231 saturetur
417 1186 521 1254 quam
541 1170 694 1247 acuatur,
717 1163 976 1253 legentiumque
994 1162 1125 1248 ingenii
1143 1161 1300 1245 ubertas,
1322 1163 1351 1229 si

225 1295 294 1361 qua
314 1277 376 1353 est,
398 1271 559 1337 lacessita
579 1271 745 1337 eliciatur.
760 1271 865 1337 Taeet
882 1271 990 1358 igitur
1007 1267 1172 1336 Aeneidis
1192 1268 1353 1336 eonditor

225 1379 334 1445 multa
361 1378 405 1445 de
438 1378 624 1444 mulierum
654 1399 794 1443 suarum
821 1377 877 1442 vel
902 1376 1059 1465 ingenio,
1091 1374 1147 1442 vel
1179 1398 1350 1466 corporea

225 1487 356 1575 speeie,
378 1485 435 1551 vel
453 1485 671 1567 eondieione,
698 1486 754 1550 vel
781 1489 939 1550 anteacta
957 1485 1039 1565 vita,
1060 1505 1101 1550 ae
1120 1484 1186 1549 nisi
1206 1483 1348 1572 quando

224 1594 357 1676 metuit,
381 1593 480 1659 sicuti
496 1591 538 1658 de
560 1591 705 1658 Camilla
725 1614 830 1681 supra
849 1591 977 1673 notavi,
1000 1613 1043 1656 ne
1063 1590 1230 1658 nonsatis
1250 1591 1351 1657 intel-

223 1699 314 1766 leeta
345 1699 446 1765 nobis
484 1699 544 1765 fiat
581 1722 750 1790 personae
784 1698 966 1785 eujusdam
1003 1697 1150 1780 indoles,
1183 1697 1351 1764 nonnulla

225 1807 325 1875 nohis
346 1806 520 1893 Vergilius
541 1810 633 1872 amat
653 1806 849 1896 relinquere
870 1805 1076 1896 supplenda.

270 2004 368 2089 Nego
398 2002 524 2069 deinde
549 2002 737 2071 muliebres
764 2003 928 2068 Aeneidis
956 2023 1136 2091 personaS,
1164 2023 1235 2069 non
1268 2002 1349 2068 satis

225 2110 277 2178 sui
311 2114 487 2199 compotes
526 2114 559 2175 et
591 2110 743 2175 conscias
781 2109 903 2175 videri.
945 2107 1045 2188 Quod
1077 2107 1219 2198 quidem
1255 2108 1350 2196 justa

228 2217 526 2303 argumentatione
547 2216 774 2306 comprobare
794 2215 985 2282 absurdum
1001 2217 1055 2296 sit,
1070 2237 1148 2281 oum
1166 2214 1202 2280 in
1221 2215 1349 2285 talibus

227 2324 424 2390 meminisse
450 2323 570 2389 deceat
601 2323 701 2390 aliter
729 2324 814 2390 alios
837 2345 908 2389 una
931 2327 1034 2412 atque
1060 2321 1182 2388 eadem
1208 2344 1245 2387 re
1270 2322 1350 2409 jure

225 2452 326 2519 posse
351 2430 456 2513 affici3
492 2470 536 2480 -
573 2453 678 2520 quam
708 2430 849 2520 quidem
878 2430 1070 2496 alienorum
1097 2428 1293 2495 studiorum
1317 2433 1350 2495 et

222 2535 450 2625 judiciorum,
489 2536 546 2602 vel
576 2537 678 2603 etiam
716 2558 736 2602 a
769 2537 895 2604 nostris
924 2536 1027 2626 plane
1061 2534 1346 2625 discrepantium,

225 2645 439 2734 patientiam,
467 2644 573 2710 immo
601 2644 842 2725 reverentiam,
875 2642 1037 2733 aequales
1058 2643 1167 2708 nostri
1186 2643 1271 2711 satis
1292 2665 1348 2710 su·

226 2772 357 2839 perque
377 2750 576 2816 edocentur.
587 2750 799 2816 -Attamen
811 2750 898 2815 seire
912 2748 1019 2815 libeat
1029 2770 1117 2837 quae
1129 2748 1348 2845 potissimum

225 2856 315 2921 inter
332 2857 490 2940 feminas,
504 2878 652 2945 quarum
666 2855 836 2942 Vergilius
853 2856 972 2923 uniens
987 2862 1087 2944 pater
1105 2863 1168 2938 est,
1181 2861 1348 2947 tanquam

228 2989 244 3023 ‹<
274 2963 381 3030 falsae
413 2991 428 3026 >r
458 2986 498 3029 ae
523 2965 626 3029 nimis
653 2964 838 3053 perspicuo
866 2990 882 3024 α
904 2962 1003 3028 fietae
1031 2990 1047 3024 ›>
1078 2963 1344 3052 carpanturl....

335 3068 422 3136 Cum
442 3071 532 3137 enim
555 3071 707 3137 Aeneam
724 3069 854 3137 Creusa
874 3075 949 3136 orat
968 3092 1011 3135 ne
1033 3069 1157 3136 abillo
1178 3092 1257 3136 eum
1279 3071 1348 3141 suis

229 3175 502 3266 derelinquatur,
524 3177 578 3242 his
598 3177 713 3244 verbis
736 3197 743 3243 :

399 3371 428 3424 Si
443 3371 593 3436 periturus
606 3373 681 3434 abis,
698 3376 728 3423 et
742 3385 797 3423 nos
811 3384 881 3436 rape
897 3371 927 3423 in
943 3360 1043 3424 omnia
1057 3375 1168 3424 tecum!

400 3455 480 3503 Hane
495 3451 623 3516 primum
639 3456 736 3503 tutare
750 3452 885 3503 domum!
902 3452 953 3505 Cui
966 3464 1073 3516 parvus
1087 3452 1177 3513 lulus,

400 3532 447 3583 eui
460 3537 584 3597 pateret
599 3533 727 3596 eonJunx
742 3531 892 3596 quondam
908 3537 958 3583 tua
972 3534 1052 3585 diota
1065 3533 1236 3596 relinquor-r

229 3704 324 3793 quid,
343 3726 483 3793 quaeso,
505 3704 538 3770 in
557 3703 609 3768 his
630 3701 799 3768 absonum
819 3725 931 3791 neque
953 3726 992 3767 ex
1013 3704 1081 3768 imo
1101 3702 1205 3769 eorde
1226 3704 1351 3771 exiisse

228 3811 473 3876 tibividetur?

274 3917 357 3981 Cum
377 3916 495 3981 itidem
519 3915 640 3981 Volsca

463 4110 573 4162 medias
588 4112 666 4162 iuter
680 4110 784 4162 caedes
800 4110 932 4162 exsultat
944 4115 1085 4173 Amazon,

229 4282 312 4372 quid
336 4283 370 4349 in
394 4282 499 4349 rebus
529 4281 573 4347 ab
603 4281 669 4346 illa
691 4285 772 4346 tone
800 4282 907 4366 gestis
937 4286 1093 4347 eoactum
1118 4286 1151 4345 et
1178 4280 1346 4363 fucatum,

227 4411 340 4479 neque
374 4388 482 4455 indoli
511 4389 586 4474 ejus
615 4395 649 4454 et
682 4389 855 4476 praesenti
888 4388 1080 4454 condicioni
1112 4388 1349 4455 couveniens?
