2844 4928
505 300 603 348 error
628 299 804 347 33033333.
1179 277 1222 344 23

138 477 302 560 Quemvis
323 476 414 543 enim
441 479 581 544 313310
604 476 747 542 vulnere
775 477 950 540 recentem
977 472 1110 560 ingenti
1138 494 1224 562 qua-

93 587 176 654 dam
195 584 437 675 desperatione
457 583 616 672 vitaeque
637 582 752 649 taedio
771 581 862 648 affici
881 573 968 648 adeo
988 584 1131 646 naturae
1145 601 1225 647 eon-

94 715 221 782 gruum
241 692 341 758 nobis
361 690 500 757 videtur
518 694 556 755 ut
575 689 676 756 aliter
693 689 768 755 fieri
781 711 883 779 posse
906 711 975 755 non
1003 689 1118 754 animo
1143 710 1225 754 con-

95 797 280 892 cipiamus.
295 797 385 864 Illud
403 797 572 865 biblicum
597 819 604 866 t
629 825 644 858 «
667 796 776 862 noluit
794 796 963 862 consolari
988 823 1003 858 3
1029 796 1076 861 113
1103 817 1227 861 conve-

94 910 170 975 nire
189 905 388 972 hominibus
408 905 515 970 nimia
529 905 647 993 aliqua
665 905 859 970 calamitate
876 904 1010 970 afflictis
1029 903 1225 992 opinamur,

95 1022 136 1104 ut
153 1014 254 1082 facile
274 1013 327 1078 vel
347 1013 389 1079 iis
408 1013 629 1099 ignoscamus
650 1012 708 1100 qui
730 1038 746 1073 «
765 1010 943 1078 dimidiam
958 1012 1122 1077 animae»
1145 1026 1227 1076 suae

97 1126 233 1213 partem
262 1119 328 1185 sibi
353 1119 534 1209 abreptam
557 1123 738 1208 putantes,
767 1146 782 1180 «
805 1119 918 1185 lucem
941 1117 1057 1209 perosi
1083 1145 1099 1180 a
1130 1121 1226 1200 sunt,

98 1230 199 1318 quasi
217 1227 353 1294 amissis
369 1225 444 1313 jam
463 1226 624 1292 omnibus
643 1225 772 1293 diutius
792 1226 931 1293 vivendi
946 1227 1071 1292 causis.

82 1336 112 1407 .'
144 1335 222 1402 Non
242 1334 336 1425 quod
354 1333 556 1424 Euripidem
583 1332 837 1424 reprehendam
862 1335 921 1424 qui
949 1318 1229 1400 Andromacham

100 1443 169 1511 sibi
188 1447 333 1509 mortem
351 1444 621 1508 consciscentem
641 1444 676 1507 in
704 1441 890 1509 Troadibus
918 1465 986 1508 303
1014 1439 1227 1520 induxerit¹;

102 1551 185 1617 satis
202 1572 375 1640 superque
391 1551 615 1639 perspicuum
638 1554 689 1615 est
714 1549 877 1617 traditam
903 1571 983 1616 eum
1010 1548 1076 1618 sibi
1102 1549 1231 1618 famam

101 1658 273 1747 projicere
293 1679 362 1722 non
388 1656 561 1722 debuisse.
591 1656 683 1723 Illud
712 1656 852 1724 demum
881 1658 989 1723 miror
1012 1654 1105 1746 quod
1132 1655 1162 1721 31
1188 1675 1231 1720 30

103 1764 345 1850 cogitationem
365 1763 505 1852 quidem
526 1763 739 1830 voluntariae
759 1752 878 1829 mortis
897 1763 1072 1829 indiderit.
1097 1762 1233 1829 Etenim

102 1892 173 1937 non
193 1891 275 1936 sane
295 1869 340 1936 ad
359 1876 512 1936 extrema
531 1870 717 1958 confugere
737 1870 981 1938 Andromacha
1000 1870 1127 1960 potuit,
1150 1869 1233 1934 dum

105 1982 286 2067 supererat
323 1975 430 2058 filius,
464 1977 563 2064 cujus
599 1978 672 2044 3013
703 1979 812 2044 131313
841 1977 1121 2067 relinquebatur3
1161 1997 1234 2043 exs-

103 2086 211 2151 tineto
230 2107 312 2151 vero
340 2072 565 2172 Astyanacte,
592 2085 691 2172 cujus
720 2086 958 2152 tantummodo
995 2107 1100 2153 causa
1128 2085 1234 2150 vitam

105 2192 401 2281 amplectebatur,
432 2192 468 2258 id
491 2193 578 2258 adeo
605 2194 713 2259 miror
740 2193 834 2283 quod
857 2198 1004 2260 mortem
1032 2215 1100 2259 non
1119 2191 1236 2281 aliqua
1286 2178 1289 2185 ¹

105 2299 164 2365 via
200 2304 346 2389 quaerat
384 2305 443 2366 aut
481 2300 604 2366 saltem
638 2301 875 2370 vehementius
909 2304 1110 2391 exoptet...
1156 2298 1235 2366 Scio

107 2405 272 2495 equidem
297 2405 491 2495 Polyxenae
519 2429 595 2473 eam
618 2407 808 2491 invidere²,
835 2407 993 2498 reliquis,
1020 2430 1108 2497 quae
1128 2405 1236 2474 Troa-

107 2512 171 2579 das
191 2520 364 2595 maneant,
386 2513 639 2580 calamitatibus
659 2521 852 2605 opportune
872 2519 1028 2605 ereptae;
1051 2513 1113 2581 sed
1132 2536 1237 2604 quam

108 2618 237 2707 frigida
257 2619 496 2687 dissertatione
520 2621 719 2688 felicitatem
738 2623 858 2688 mortis
886 2622 978 2689 illius
1000 2622 1138 2689 laudati
1160 2620 1237 2688 Non

108 2727 169 2794 ille
200 2734 253 2794 est
282 2727 441 2811 Didonis,
475 2730 510 2794 in
540 2730 671 2795 minore
700 2735 816 2796 tamen
854 2747 1036 2815 aerumna,
1066 2730 1234 2820 impetus,

36 2862 39 2867 ·
109 2854 180 2901 non
198 2835 260 2901 illa
282 2834 434 2901 violenta
456 2836 530 2922 jam
556 2837 685 2903 invisae
712 2837 798 2904 lucis
825 2837 926 2924 fuga,
959 2832 1027 2904 non
1054 2838 1114 2904 illa
1138 2837 1238 2927 quasi

111 2941 216 3008 avida
243 2942 363 3009 mortis
396 2941 587 3032 cupiditas!
620 2944 740 3034 Neque
776 2944 920 3033 objicias
950 2968 1019 3011 non
1054 2950 1238 3035 conceptos

111 3049 219 3116 fuisse
253 3071 273 3117 a
301 3051 435 3136 graecis
473 3050 536 3116 hos
575 3073 695 3117 seusus
728 3053 858 3141 poetis3
894 3075 991 3137 nam,
1025 3075 1068 3119 ne
1100 3052 1238 3119 aliunde

112 3157 272 3247 exempla
291 3179 475 3241 arcessam,
497 3158 533 3223 in
553 3158 710 3245 ejusdem
730 3158 906 3249 Euripidis
926 3159 1146 3250 Supplicibus
1165 3182 1240 3226 mu·

115 3261 271 3348 luridus,
298 3263 456 3349 Evadne,
486 3263 637 3356 Capanei
663 3290 764 3346 uxor,
793 3267 945 3333 defuncti
972 3268 1086 3335 mariti
1113 3289 1239 3354 rogum

115 3370 191 3436 vult
213 3371 445 3438 conscendere
469 3395 547 3439 oum
573 3373 646 3441 istis
670 3373 816 3442 verbis:
846 3401 861 3435 «
886 3372 998 3441 Suave
1023 3397 1102 3441 cum
1126 3380 1239 3441 amato

116 3479 238 3544 mortis
259 3480 469 3545 consortium
487 3481 573 3547 est³.
599 3508 615 3542 »

162 3583 273 3651 Immo
288 3586 427 3676 quando
442 3588 478 3653 in
492 3587 614 3653 eadem
624 3587 742 3654 fabula
758 3590 883 3656 certior
893 3588 1136 3656 Andromacha
1144 3589 1242 3656 'faeta

118 3695 173 3758 est
192 3689 392 3759 damnatum
413 3715 434 3758 a
454 3693 594 3760 Graecis
613 3694 857 3781 Astyanactem
874 3695 1021 3783 jamjam
1044 3696 1077 3761 in
1099 3718 1140 3761 eo
1165 3717 1240 3761 esse

98 3805 156 3864 ,31
175 3804 306 3889 pereat,
328 3801 481 3889 primum
508 3802 649 3890 quidem
668 3803 770 3889 justis
802 3809 834 3870 et
864 3805 1068 3892 exspectatis
1092 3803 1243 3893 querelis

117 3904 288 3994 indulget,
307 3905 369 3973 sed
384 3909 488 3997 paulo
504 3915 582 3998 post
593 3909 758 3975 suadente
774 3910 958 3998 Talthybio
973 3933 1016 3977 ne
1034 3911 1244 3978 Graecorum
1350 3990 1353 3994 Α

153 4153 177 4208 1.
192 4154 361 4220 Intraquenter
380 4157 427 4206 sibi
446 4161 547 4206 mortem
569 4158 719 4207 conscivisse
740 4159 852 4222 antiquos
872 4159 936 4209 bene
954 4124 1070 4209 observat
1090 4158 1247 4210 Sum-Mane

122 4225 248 4287 Grannum,
267 4228 348 4278 Gours
359 4227 392 4277 de
407 4226 488 4277 litter.
505 4229 602 4288 druna„
618 4228 636 4290 I,
654 4244 680 4292 p.
695 4228 783 4278 ‘le-81.

154 4297 178 4347 2.
196 4300 299 4359 Troad„
315 4300 361 4349 626
376 4314 428 4364 sqq.
442 4299 497 4350 678.

155 4367 179 4419 3.
196 4370 299 4438 suppl„
313 4387 337 4421 r.
351 4371 482 4422 990-1030.
