2844 4928
139 302 181 371 50
246 338 252 346 -
595 324 672 369 rans
696 325 800 370 aaron.

138 497 338 575 sessionem,
356 496 529 572 incessum
551 501 629 562 ante
649 496 783 576 oculos,
805 499 905 586 quasi
924 497 1103 580 fascinata,
1126 497 1264 565 habet¹.

183 603 253 669 Nec
272 603 384 670 minus
403 603 612 693 improvisus
628 605 950 693 inexspectatusque
966 626 1063 672 amor
1072 603 1268 672 Ariadnam

138 709 291 776 invadit²
313 731 321 778 ε
1059 732 1064 739 “

264 925 349 976 Hunc
364 923 502 977 simulac
518 924 624 989 cupido
638 925 795 990 conspexit
810 924 922 978 lumine
938 924 1023 989 virgo

263 995 394 1060 tregia...

263 1071 327 1120 Non
341 1067 421 1132 prius
436 1079 473 1120 ex
488 1067 536 1119 illo
553 1068 710 1133 flagrantia
724 1068 885 1121 declinavit

262 1139 393 1202 Lumina,
408 1151 498 1204 quam
514 1145 621 1193 cuncto
636 1140 768 1206 concepit
783 1145 900 1206 pectore
915 1141 1064 1192 dammam

263 1209 418 1274 Funditus,
433 1217 522 1277 atque
540 1212 609 1264 imis
623 1212 734 1265 exarsit
749 1216 811 1264 tota
827 1211 998 1264 medullis...

263 1283 369 1335 Sancte
383 1295 464 1348 puer,
480 1284 560 1335 curis
574 1285 727 1336 hominum
743 1285 793 1349 qui
808 1283 917 1349 gaudia
934 1284 1049 1343 misces,

245 1358 247 1363 ⁴
264 1358 403 1420 Quaeque
417 1356 495 1419 regis
511 1357 629 1421 Golgos,
640 1368 773 1420 quaeque
786 1356 912 1408 idalium
927 1355 1108 1417 frondosum,

159 1441 166 1456 ¹
263 1426 404 1490 Qualibus
418 1426 567 1478 incensam
579 1428 713 1494 jactastis
727 1433 825 1480 mente
839 1427 977 1493 puellam,

265 1498 423 1560 Fluctibus,
438 1499 471 1549 in
486 1499 562 1550 tlavo
580 1511 668 1563 saepe
682 1498 798 1564 hospite
811 1499 1010 1564 suspirantem
1024 1501 1029 1550 l

184 1686 292 1755 Sicuti
326 1687 432 1773 igitur
468 1687 574 1775 vulgo
608 1688 745 1771 dicitur,
786 1689 909 1756 ambae
949 1687 1116 1756 fulmineo
1159 1689 1264 1778 quasi

138 1795 265 1862 amoris
292 1796 363 1862 ictu
390 1800 534 1863 attactae
560 1797 797 1880 vulnerantur,
824 1800 927 1885 atque
953 1797 989 1863 in
1017 1794 1172 1862 medium
1195 1818 1263 1862 nos

139 1923 291 1997 amorem
312 1903 515 1992 Apollonius
530 1908 565 1970 et
583 1904 748 1985 Catullus,
764 1901 963 1994 quanquam
982 1903 1163 1968 limatioris
1176 1904 1264 1969 artis

138 2015 273 2101 poetae,
295 2031 363 2076 non
383 2011 496 2076 minus
516 2016 619 2100 atque
639 2010 735 2076 rudis
762 2017 795 2076 et
814 2010 959 2100 simplex
984 2008 1160 2098 Odysseae
1180 2032 1264 2076 con-

138 2117 240 2197 ditor,
262 2117 461 2207 projiciunt.
483 2116 583 2184 Solus
607 2117 747 2208 quidem
767 2116 941 2204 Vergilius
965 2117 1104 2182 feminei
1130 2117 1263 2182 amoris

137 2226 271 2315 priores
291 2231 394 2314 atque
411 2224 753 2311 jamdudnmanimo
776 2225 994 2310 inhaerentes
1019 2244 1139 2292 causas
1164 2223 1263 2290 radi·

139 2354 281 2422 casque,
303 2334 390 2399 miro
419 2335 576 2400 acumine
604 2334 796 2425 perspexit,
821 2334 908 2398 mira
936 2332 1137 2399 dexteritate
1158 2333 1263 2398 extri-

139 2445 233 2507 catas
254 2440 353 2507 eruit.

681 2654 713 2724 V

199 2881 240 2924 brt
257 2879 391 2924 DEORUM
405 2882 427 2921 A
441 2877 592 2922 vasculo
607 2877 755 2921 anatarbe
768 2877 803 2919 IN
818 2874 882 2920 Hac
896 2874 1074 2921 OCCASIONE
1089 2875 1205 2930 OPERA,
1254 2902 1257 2909 ‹

462 2969 501 3011 ΕΤ
515 2967 686 3022 QUATENUS
705 2967 777 3009 lLLA
790 2964 901 3009 PROSIT

183 3195 272 3276 Quin
293 3195 395 3262 etiam
416 3201 484 3260 tam
509 3194 599 3260 bene
622 3216 685 3282 per
704 3194 796 3260 illius
816 3199 906 3260 artes
931 3194 1182 3285 persuademur
1201 3195 1260 3262 Di-

138 3305 263 3372 donem
279 3325 353 3370 esse
372 3303 488 3368 denae
502 3301 611 3368 amori
626 3302 725 3390 quasi
741 3301 1031 3390 praedestinatam
1051 3322 1091 3368 ac
1104 3301 1259 3368 debitam

138 3417 177 3478 nt
193 3434 258 3478 nec
273 3409 293 3477 J
297 3431 409 3476 unone
428 3414 463 3475 et
482 3408 617 3476 Venere
643 3412 676 3472 et
695 3406 862 3497 Cupidine
887 3430 955 3475 una
981 3409 1255 3496 conjurantibus,

137 3540 250 3608 neque
269 3519 374 3584 misso
402 3517 446 3582 ab
465 3515 550 3583 Jove
573 3513 743 3582 Mercurio
767 3536 854 3604 opus
881 3537 955 3582 esse
976 3515 1019 3580 ad
1042 3514 1129 3580 illud
1150 3516 1258 3605 perfi-

138 3624 297 3692 ciendum
317 3623 485 3690 videatur.

183 3731 386 3822 Quanquam
412 3730 563 3821 penitius
590 3752 662 3798 rem
690 3729 986 3798 considerantibus
1010 3753 1078 3796 non
1102 3736 1172 3797 tam
1198 3753 1258 3797 su-

168 4029 190 4078 1.
207 4030 316 4093 arpen..
330 4027 371 4085 lll,
383 4027 429 4075 lla
440 4042 493 4090 sqq.
507 4055 536 4063 -
559 4026 596 4075 dt.
609 4026 695 4083 Coum,
710 4026 796 4075 Paesie
809 4024 992 4087 alerandriae,
1010 4045 1034 4092 p.
1050 4029 1093 4078 141
1107 4034 1130 4078 et
1145 4046 1169 4094 p.
1187 4030 1233 4080 152
1249 4046 1255 4079 :

137 4122 149 4146 «
168 4103 240 4150 Dans
255 4098 382 4164 Cydippe,
398 4100 464 4147 dans
479 4098 515 4149 les
530 4099 753 4162 Argonautiquea
769 4097 875 4147 eidone
891 4103 949 4149 tous
964 4100 1000 4149 les
1011 4116 1117 4149 romans
1130 4117 1212 4166 qrecs,
1229 4101 1256 4151 ln

134 4174 242 4237 passion
263 4170 345 4219 celate
364 4170 482 4226 soudain,
505 4184 566 4219 sans
584 4183 696 4224 audace,
716 4183 777 4216 suns
794 4170 937 4231 prodatioa
953 4171 1080 4221 d'aucnne
1093 4176 1193 4225 sorte...
1211 4174 1257 4223 Ces

137 4246 208 4294 ames
222 4242 346 4292 ardentes
360 4256 390 4290 ne
403 4239 532 4290 subiment
545 4255 597 4305 pas
610 4255 659 4302 por
673 4238 765 4305 deqres
780 4240 929 4304 i’inllucnce
944 4243 980 4293 du
994 4243 1074 4301 dieu,·
1088 4244 1108 4292 il
1122 4247 1176 4309 soit
1189 4259 1256 4310 pour

136 4313 185 4363 elle
202 4314 247 4363 des
260 4327 339 4377 coups
352 4313 384 4361 de
398 4312 502 4376 sendra.
521 4332 532 4355 n
612 4368 615 4371 ,

167 4385 191 4434 2.
208 4385 320 4441 Carum..
336 4399 401 4442 triv,
417 4383 448 4433 86
458 4399 511 4447 sqq.
