<?xml version="1.0" encoding="UTF-8"?>
<!DOCTYPE html PUBLIC "-//W3C//DTD XHTML 1.0 Transitional//EN"
    "http://www.w3.org/TR/xhtml1/DTD/xhtml1-transitional.dtd">
<html xmlns="http://www.w3.org/1999/xhtml" xml:lang="en" lang="en">
 <head>
  <title>
</title>
<meta http-equiv="Content-Type" content="text/html;charset=utf-8" />
  <meta name='ocr-system' content='tesseract 3.04.00' />
  <meta name='ocr-capabilities' content='ocr_page ocr_carea ocr_par ocr_line ocrx_word'/>
</head>
<body>
  <div class='ocr_page' id='page_1' title='image "./devergilioininf00rbgoog_0078.png"; bbox 0 0 2844 4928; ppageno 0'>
   <div class='ocr_carea' id='block_1_1' title="bbox 496 311 1194 387">
    <p class='ocr_par' dir='ltr' id='par_1_1' title="bbox 496 311 1194 387">
     <span class='ocr_line' id='line_1_1' title="bbox 496 311 1194 387; baseline 0.003 -1"><span class='ocrx_word' id='word_1_1' title='bbox 496 311 594 386; x_wconf 72' lang='lat' dir='ltr'><strong>curor</strong></span> <span class='ocrx_word' id='word_1_2' title='bbox 618 338 768 387; x_wconf 82' lang='lat' dir='ltr'><strong>rrnrruu.</strong></span> <span class='ocrx_word' id='word_1_3' title='bbox 1150 315 1194 378; x_wconf 80' lang='lat'><strong>55</strong></span> 
     </span>
    </p>
   </div>
   <div class='ocr_carea' id='block_1_2' title="bbox 66 492 1195 606">
    <p class='ocr_par' dir='ltr' id='par_1_2' title="bbox 66 492 1195 606">
     <span class='ocr_line' id='line_1_2' title="bbox 66 492 1195 606; baseline -0.007 -22"><span class='ocrx_word' id='word_1_4' title='bbox 66 517 158 585; x_wconf 88' lang='lat' dir='ltr'><strong>illud</strong></span> <span class='ocrx_word' id='word_1_5' title='bbox 175 518 212 584; x_wconf 93' lang='lat' dir='ltr'><strong>in</strong></span> <span class='ocrx_word' id='word_1_6' title='bbox 224 515 470 586; x_wconf 84' lang='lat' dir='ltr'><strong>delicatissimo</strong></span> <span class='ocrx_word' id='word_1_7' title='bbox 480 519 584 606; x_wconf 91' lang='lat' dir='ltr'><strong>poeta</strong></span> <span class='ocrx_word' id='word_1_8' title='bbox 597 515 772 582; x_wconf 88' lang='lat' dir='ltr'><strong>fastidium</strong></span> <span class='ocrx_word' id='word_1_9' title='bbox 789 492 1046 604; x_wconf 85' lang='lat' dir='ltr'><strong>reprehendere</strong></span> <span class='ocrx_word' id='word_1_10' title='bbox 1057 514 1195 597; x_wconf 81' lang='lat' dir='ltr'><strong>egomet</strong></span> 
     </span>
    </p>
   </div>
   <div class='ocr_carea' id='block_1_3' title="bbox 71 619 1373 712">
    <p class='ocr_par' dir='ltr' id='par_1_3' title="bbox 71 619 1373 712">
     <span class='ocr_line' id='line_1_3' title="bbox 71 619 1373 712; baseline -0.007 -20"><span class='ocrx_word' id='word_1_11' title='bbox 71 626 190 694; x_wconf 76' lang='lat' dir='ltr'><strong>veIIm.</strong></span> <span class='ocrx_word' id='word_1_12' title='bbox 214 627 377 692; x_wconf 77' lang='lat' dir='ltr'><strong>Attamen</strong></span> <span class='ocrx_word' id='word_1_13' title='bbox 402 623 532 694; x_wconf 77' lang='lat' dir='ltr'><strong>similes</strong></span> <span class='ocrx_word' id='word_1_14' title='bbox 558 623 707 690; x_wconf 90' lang='lat' dir='ltr'><strong>aliorum</strong></span> <span class='ocrx_word' id='word_1_15' title='bbox 735 623 943 712; x_wconf 87' lang='lat' dir='ltr'><strong>scriptorum</strong></span> <span class='ocrx_word' id='word_1_16' title='bbox 962 621 1055 687; x_wconf 88' lang='lat' dir='ltr'><strong>locos</strong></span> <span class='ocrx_word' id='word_1_17' title='bbox 1081 619 1194 685; x_wconf 90' lang='lat' dir='ltr'><strong>oonsi—</strong></span> <span class='ocrx_word' id='word_1_18' title='bbox 1278 651 1280 655; x_wconf 95' lang='lat'>·</span> <span class='ocrx_word' id='word_1_19' title='bbox 1370 646 1373 653; x_wconf 64' lang='grc'>’</span> 
     </span>
    </p>
   </div>
   <div class='ocr_carea' id='block_1_4' title="bbox 65 720 1238 2302">
    <p class='ocr_par' dir='ltr' id='par_1_4' title="bbox 65 720 1238 1873">
     <span class='ocr_line' id='line_1_4' title="bbox 65 720 1196 820; baseline -0.007 -19"><span class='ocrx_word' id='word_1_20' title='bbox 65 735 235 801; x_wconf 86' lang='lat' dir='ltr'><strong>derantes</strong></span> <span class='ocrx_word' id='word_1_21' title='bbox 250 733 273 816; x_wconf 89' lang='lat'><strong>¹,</strong></span> <span class='ocrx_word' id='word_1_22' title='bbox 292 726 394 798; x_wconf 87' lang='lat' dir='ltr'><strong>sollto</strong></span> <span class='ocrx_word' id='word_1_23' title='bbox 414 730 601 796; x_wconf 91' lang='lat' dir='ltr'><strong>verborum</strong></span> <span class='ocrx_word' id='word_1_24' title='bbox 627 753 729 796; x_wconf 92' lang='lat' dir='ltr'><strong>sensu</strong></span> <span class='ocrx_word' id='word_1_25' title='bbox 749 720 989 820; x_wconf 80' lang='lat' dir='ltr'>prohibemur,</span> <span class='ocrx_word' id='word_1_26' title='bbox 1010 748 1053 793; x_wconf 91' lang='lat' dir='ltr'><strong>ne</strong></span> <span class='ocrx_word' id='word_1_27' title='bbox 1072 727 1107 792; x_wconf 90' lang='lat' dir='ltr'><strong>in</strong></span> <span class='ocrx_word' id='word_1_28' title='bbox 1127 725 1196 793; x_wconf 91' lang='lat' dir='ltr'><strong>dis·</strong></span> 
     </span>
     <span class='ocr_line' id='line_1_5' title="bbox 74 833 1238 932; baseline -0.008 -24"><span class='ocrx_word' id='word_1_29' title='bbox 74 847 211 932; x_wconf 87' lang='lat' dir='ltr'><strong>ceptato</strong></span> <span class='ocrx_word' id='word_1_30' title='bbox 235 841 311 906; x_wconf 93' lang='lat' dir='ltr'><strong>loco</strong></span> <span class='ocrx_word' id='word_1_31' title='bbox 334 840 400 905; x_wconf 90' lang='lat' dir='ltr'><strong>isto</strong></span> <span class='ocrx_word' id='word_1_32' title='bbox 426 838 469 904; x_wconf 93' lang='lat' dir='ltr'><strong>de</strong></span> <span class='ocrx_word' id='word_1_33' title='bbox 497 838 635 905; x_wconf 81' lang='lat' dir='ltr'><strong>Aeneae</strong></span> <span class='ocrx_word' id='word_1_34' title='bbox 655 837 779 904; x_wconf 81' lang='lat' dir='ltr'><strong>virtute</strong></span> <span class='ocrx_word' id='word_1_35' title='bbox 808 842 842 903; x_wconf 93' lang='lat' dir='ltr'><strong>et</strong></span> <span class='ocrx_word' id='word_1_36' title='bbox 859 833 974 926; x_wconf 70' lang='lat' dir='ltr'><strong>pladio</strong></span> <span class='ocrx_word' id='word_1_37' title='bbox 1003 836 1059 921; x_wconf 81' lang='lat' dir='ltr'><strong>agi</strong></span> <span class='ocrx_word' id='word_1_38' title='bbox 1079 833 1198 900; x_wconf 88' lang='lat' dir='ltr'><strong>creda·</strong></span> <span class='ocrx_word' id='word_1_39' title='bbox 1233 914 1238 923; x_wconf 61' lang='lat'><strong>,</strong></span> 
     </span>
     <span class='ocr_line' id='line_1_6' title="bbox 72 940 1198 1036; baseline -0.007 -21"><span class='ocrx_word' id='word_1_40' title='bbox 72 949 213 1015; x_wconf 71' lang='lat' dir='ltr'><strong>mus‘...</strong></span> <span class='ocrx_word' id='word_1_41' title='bbox 238 945 410 1027; x_wconf 88' lang='lat' dir='ltr'><strong>Ceterum,</strong></span> <span class='ocrx_word' id='word_1_42' title='bbox 433 966 632 1036; x_wconf 81' lang='lat' dir='ltr'>quanquam</span> <span class='ocrx_word' id='word_1_43' title='bbox 652 946 765 1026; x_wconf 85' lang='lat' dir='ltr'><strong>minus</strong></span> <span class='ocrx_word' id='word_1_44' title='bbox 787 944 944 1010; x_wconf 91' lang='lat' dir='ltr'><strong>sublimis</strong></span> <span class='ocrx_word' id='word_1_45' title='bbox 964 948 1067 1031; x_wconf 87' lang='lat' dir='ltr'><strong>atque</strong></span> <span class='ocrx_word' id='word_1_46' title='bbox 1085 940 1198 1010; x_wconf 81' lang='lat' dir='ltr'><strong>elatus</strong></span> 
     </span>
     <span class='ocr_line' id='line_1_7' title="bbox 75 1051 1199 1144; baseline -0.008 -21"><span class='ocrx_word' id='word_1_47' title='bbox 75 1062 130 1122; x_wconf 89' lang='lat' dir='ltr'><strong>est</strong></span> <span class='ocrx_word' id='word_1_48' title='bbox 156 1055 232 1137; x_wconf 91' lang='lat' dir='ltr'><strong>ille,</strong></span> <span class='ocrx_word' id='word_1_49' title='bbox 263 1055 307 1121; x_wconf 93' lang='lat' dir='ltr'><strong>ad</strong></span> <span class='ocrx_word' id='word_1_50' title='bbox 335 1075 440 1144; x_wconf 88' lang='lat' dir='ltr'><strong>quem</strong></span> <span class='ocrx_word' id='word_1_51' title='bbox 473 1051 710 1142; x_wconf 88' lang='lat' dir='ltr'><strong>recipiendum</strong></span> <span class='ocrx_word' id='word_1_52' title='bbox 739 1052 928 1138; x_wconf 80' lang='lat' dir='ltr'><strong>adigimur,</strong></span> <span class='ocrx_word' id='word_1_53' title='bbox 960 1071 1099 1132; x_wconf 93' lang='lat' dir='ltr'><strong>sensus,</strong></span> <span class='ocrx_word' id='word_1_54' title='bbox 1130 1071 1199 1114; x_wconf 91' lang='lat' dir='ltr'><strong>non</strong></span> 
     </span>
     <span class='ocr_line' id='line_1_8' title="bbox 76 1142 1200 1247; baseline -0.009 -17"><span class='ocrx_word' id='word_1_55' title='bbox 76 1163 199 1230; x_wconf 88' lang='lat' dir='ltr'><strong>saltem</strong></span> <span class='ocrx_word' id='word_1_56' title='bbox 228 1163 341 1228; x_wconf 93' lang='lat' dir='ltr'><strong>miuus</strong></span> <span class='ocrx_word' id='word_1_57' title='bbox 370 1160 574 1228; x_wconf 77' lang='lat' dir='ltr'><strong>humanitati</strong></span> <span class='ocrx_word' id='word_1_58' title='bbox 603 1161 774 1247; x_wconf 81' lang='lat' dir='ltr'><strong>congruit.</strong></span> <span class='ocrx_word' id='word_1_59' title='bbox 805 1159 875 1225; x_wconf 90' lang='lat' dir='ltr'><strong>Nec</strong></span> <span class='ocrx_word' id='word_1_60' title='bbox 899 1157 1015 1223; x_wconf 54' lang='lat' dir='ltr'><strong>nobis&gt;</strong></span> <span class='ocrx_word' id='word_1_61' title='bbox 1031 1162 1089 1223; x_wconf 87' lang='lat' dir='ltr'><strong>aut</strong></span> <span class='ocrx_word' id='word_1_62' title='bbox 1113 1142 1200 1224; x_wconf 83' lang='lat' dir='ltr'><strong>Ver-</strong></span> 
     </span>
     <span class='ocr_line' id='line_1_9' title="bbox 75 1263 1201 1357; baseline -0.007 -21"><span class='ocrx_word' id='word_1_63' title='bbox 75 1271 160 1357; x_wconf 79' lang='lat' dir='ltr'><strong>gilio</strong></span> <span class='ocrx_word' id='word_1_64' title='bbox 178 1268 361 1355; x_wconf 80' lang='lat' dir='ltr'><strong>iudignum</strong></span> <span class='ocrx_word' id='word_1_65' title='bbox 382 1267 492 1334; x_wconf 91' lang='lat' dir='ltr'><strong>videri</strong></span> <span class='ocrx_word' id='word_1_66' title='bbox 510 1267 626 1351; x_wconf 84' lang='lat' dir='ltr'><strong>debet,</strong></span> <span class='ocrx_word' id='word_1_67' title='bbox 649 1273 708 1333; x_wconf 89' lang='lat' dir='ltr'><strong>aut</strong></span> <span class='ocrx_word' id='word_1_68' title='bbox 727 1265 872 1347; x_wconf 84' lang='lat' dir='ltr'><strong>Didone,</strong></span> <span class='ocrx_word' id='word_1_69' title='bbox 896 1263 990 1356; x_wconf 93' lang='lat' dir='ltr'><strong>quod</strong></span> <span class='ocrx_word' id='word_1_70' title='bbox 1006 1264 1125 1351; x_wconf 85' lang='lat' dir='ltr'><strong>junior</strong></span> <span class='ocrx_word' id='word_1_71' title='bbox 1140 1263 1201 1329; x_wconf 94' lang='lat' dir='ltr'><strong>illa</strong></span> 
     </span>
     <span class='ocr_line' id='line_1_10' title="bbox 77 1373 1200 1462; baseline -0.006 -19"><span class='ocrx_word' id='word_1_72' title='bbox 77 1378 214 1459; x_wconf 90' lang='lat' dir='ltr'><strong>mulier,</strong></span> <span class='ocrx_word' id='word_1_73' title='bbox 238 1414 279 1428; x_wconf 91' lang='lat'>-</span> <span class='ocrx_word' id='word_1_74' title='bbox 299 1376 355 1442; x_wconf 89' lang='lat' dir='ltr'><strong>cui</strong></span> <span class='ocrx_word' id='word_1_75' title='bbox 381 1398 461 1442; x_wconf 88' lang='lat' dir='ltr'><strong>vere</strong></span> <span class='ocrx_word' id='word_1_76' title='bbox 486 1374 655 1441; x_wconf 84' lang='lat' dir='ltr'><strong>muliebre</strong></span> <span class='ocrx_word' id='word_1_77' title='bbox 675 1375 852 1460; x_wconf 81' lang='lat' dir='ltr'><strong>ingenium</strong></span> <span class='ocrx_word' id='word_1_78' title='bbox 870 1373 983 1439; x_wconf 92' lang='lat' dir='ltr'><strong>inesse</strong></span> <span class='ocrx_word' id='word_1_79' title='bbox 1003 1377 1107 1462; x_wconf 88' lang='lat' dir='ltr'><strong>poeta</strong></span> <span class='ocrx_word' id='word_1_80' title='bbox 1129 1377 1200 1437; x_wconf 89' lang='lat' dir='ltr'><strong>tam</strong></span> 
     </span>
     <span class='ocr_line' id='line_1_11' title="bbox 77 1479 1202 1572; baseline -0.008 -19"><span class='ocrx_word' id='word_1_81' title='bbox 77 1484 200 1554; x_wconf 91' lang='lat' dir='ltr'><strong>sedulo</strong></span> <span class='ocrx_word' id='word_1_82' title='bbox 220 1489 254 1550; x_wconf 92' lang='lat' dir='ltr'><strong>et</strong></span> <span class='ocrx_word' id='word_1_83' title='bbox 272 1488 400 1550; x_wconf 91' lang='lat' dir='ltr'><strong>attente</strong></span> <span class='ocrx_word' id='word_1_84' title='bbox 421 1504 485 1549; x_wconf 90' lang='lat' dir='ltr'><strong>nos</strong></span> <span class='ocrx_word' id='word_1_85' title='bbox 506 1487 636 1550; x_wconf 86' lang='lat' dir='ltr'><strong>etanta</strong></span> <span class='ocrx_word' id='word_1_86' title='bbox 656 1488 689 1548; x_wconf 89' lang='lat' dir='ltr'><strong>et</strong></span> <span class='ocrx_word' id='word_1_87' title='bbox 709 1488 829 1572; x_wconf 88' lang='lat' dir='ltr'><strong>postea</strong></span> <span class='ocrx_word' id='word_1_88' title='bbox 849 1482 992 1565; x_wconf 91' lang='lat' dir='ltr'><strong>monuit,</strong></span> <span class='ocrx_word' id='word_1_89' title='bbox 1014 1520 1058 1529; x_wconf 97' lang='lat'>—</span> <span class='ocrx_word' id='word_1_90' title='bbox 1079 1479 1202 1545; x_wconf 82' lang='lat' dir='ltr'><strong>eximia</strong></span> 
     </span>
     <span class='ocr_line' id='line_1_12' title="bbox 77 1586 1203 1681; baseline -0.006 -22"><span class='ocrx_word' id='word_1_91' title='bbox 77 1594 139 1659; x_wconf 90' lang='lat' dir='ltr'><strong>illa</strong></span> <span class='ocrx_word' id='word_1_92' title='bbox 168 1592 283 1681; x_wconf 90' lang='lat' dir='ltr'><strong>specie</strong></span> <span class='ocrx_word' id='word_1_93' title='bbox 312 1596 581 1671; x_wconf 82' lang='lat' dir='ltr'><strong>commoveatur,</strong></span> <span class='ocrx_word' id='word_1_94' title='bbox 608 1613 677 1679; x_wconf 88' lang='lat' dir='ltr'><strong>qua</strong></span> <span class='ocrx_word' id='word_1_95' title='bbox 697 1588 812 1656; x_wconf 91' lang='lat' dir='ltr'><strong>Venus</strong></span> <span class='ocrx_word' id='word_1_96' title='bbox 832 1590 909 1680; x_wconf 90' lang='lat' dir='ltr'><strong>ipsa</strong></span> <span class='ocrx_word' id='word_1_97' title='bbox 927 1589 1037 1655; x_wconf 90' lang='lat' dir='ltr'><strong>filium</strong></span> <span class='ocrx_word' id='word_1_98' title='bbox 1057 1586 1203 1673; x_wconf 80' lang='lat' dir='ltr'><strong>diligen-</strong></span> 
     </span>
     <span class='ocr_line' id='line_1_13' title="bbox 78 1694 1202 1797; baseline -0.004 -31"><span class='ocrx_word' id='word_1_99' title='bbox 78 1700 211 1767; x_wconf 89' lang='lat' dir='ltr'><strong>tissime</strong></span> <span class='ocrx_word' id='word_1_100' title='bbox 232 1697 485 1780; x_wconf 80' lang='lat' dir='ltr'><strong>decoraverit⁸,</strong></span> <span class='ocrx_word' id='word_1_101' title='bbox 514 1723 530 1760; x_wconf 89' lang='grc' dir='ltr'><strong>ιι</strong></span> <span class='ocrx_word' id='word_1_102' title='bbox 552 1719 590 1765; x_wconf 92' lang='lat' dir='ltr'><strong>os</strong></span> <span class='ocrx_word' id='word_1_103' title='bbox 616 1696 839 1797; x_wconf 66' lang='lat' dir='ltr'><strong>barmerosqne</strong></span> <span class='ocrx_word' id='word_1_104' title='bbox 864 1696 928 1763; x_wconf 93' lang='lat' dir='ltr'><strong>deo</strong></span> <span class='ocrx_word' id='word_1_105' title='bbox 949 1696 1097 1762; x_wconf 89' lang='lat' dir='ltr'><strong>similem</strong></span> <span class='ocrx_word' id='word_1_106' title='bbox 1120 1722 1136 1756; x_wconf 82' lang='grc' dir='ltr'><strong>ιι</strong></span> <span class='ocrx_word' id='word_1_107' title='bbox 1158 1694 1202 1760; x_wconf 93' lang='lat' dir='ltr'><strong>ab</strong></span> 
     </span>
     <span class='ocr_line' id='line_1_14' title="bbox 78 1804 346 1873; baseline -0.007 0"><span class='ocrx_word' id='word_1_108' title='bbox 78 1807 141 1873; x_wconf 91' lang='lat' dir='ltr'><strong>illa</strong></span> <span class='ocrx_word' id='word_1_109' title='bbox 160 1804 346 1872; x_wconf 87' lang='lat' dir='ltr'><strong>redditum.</strong></span> 
     </span>
    </p>

    <p class='ocr_par' dir='ltr' id='par_1_5' title="bbox 74 1911 1205 2302">
     <span class='ocr_line' id='line_1_15' title="bbox 127 1911 1203 2002; baseline -0.002 -22"><span class='ocrx_word' id='word_1_110' title='bbox 127 1913 217 1980; x_wconf 88' lang='lat' dir='ltr'><strong>Satis</strong></span> <span class='ocrx_word' id='word_1_111' title='bbox 240 1918 291 1978; x_wconf 87' lang='lat' dir='ltr'><strong>est</strong></span> <span class='ocrx_word' id='word_1_112' title='bbox 310 1914 339 1978; x_wconf 93' lang='lat' dir='ltr'><strong>si</strong></span> <span class='ocrx_word' id='word_1_113' title='bbox 358 1912 394 1978; x_wconf 91' lang='lat' dir='ltr'><strong>in</strong></span> <span class='ocrx_word' id='word_1_114' title='bbox 413 1912 479 1979; x_wconf 89' lang='lat' dir='ltr'><strong>hoc</strong></span> <span class='ocrx_word' id='word_1_115' title='bbox 499 1935 637 2002; x_wconf 91' lang='lat' dir='ltr'><strong>quoque</strong></span> <span class='ocrx_word' id='word_1_116' title='bbox 658 1913 834 1998; x_wconf 78' lang='lat' dir='ltr'><strong>Vergilius</strong></span> <span class='ocrx_word' id='word_1_117' title='bbox 860 1911 904 1980; x_wconf 88' lang='lat' dir='ltr'><strong>ab</strong></span> <span class='ocrx_word' id='word_1_118' title='bbox 925 1911 1203 1978; x_wconf 85' lang='lat' dir='ltr'><strong>antecessoribus</strong></span> 
     </span>
     <span class='ocr_line' id='line_1_16' title="bbox 74 2019 1204 2109; baseline -0.002 -22"><span class='ocrx_word' id='word_1_119' title='bbox 74 2020 233 2100; x_wconf 84' lang='lat' dir='ltr'><strong>differat,</strong></span> <span class='ocrx_word' id='word_1_120' title='bbox 264 2020 376 2109; x_wconf 92' lang='lat' dir='ltr'><strong>iisque</strong></span> <span class='ocrx_word' id='word_1_121' title='bbox 404 2025 437 2085; x_wconf 88' lang='lat' dir='ltr'><strong>et</strong></span> <span class='ocrx_word' id='word_1_122' title='bbox 464 2020 660 2086; x_wconf 86' lang='lat' dir='ltr'><strong>urbanitate</strong></span> <span class='ocrx_word' id='word_1_123' title='bbox 684 2026 718 2086; x_wconf 89' lang='lat' dir='ltr'><strong>et</strong></span> <span class='ocrx_word' id='word_1_124' title='bbox 743 2021 887 2087; x_wconf 89' lang='lat' dir='ltr'><strong>veritate</strong></span> <span class='ocrx_word' id='word_1_125' title='bbox 915 2023 1080 2109; x_wconf 87' lang='lat' dir='ltr'><strong>praestet.</strong></span> <span class='ocrx_word' id='word_1_126' title='bbox 1108 2019 1204 2085; x_wconf 89' lang='lat' dir='ltr'><strong>Talia</strong></span> 
     </span>
     <span class='ocr_line' id='line_1_17' title="bbox 75 2125 1205 2217; baseline -0.003 -23"><span class='ocrx_word' id='word_1_127' title='bbox 75 2132 198 2198; x_wconf 72' lang='lat' dir='ltr'><strong>&#39;autem</strong></span> <span class='ocrx_word' id='word_1_128' title='bbox 212 2126 477 2216; x_wconf 90' lang='lat' dir='ltr'><strong>Apollonianam</strong></span> <span class='ocrx_word' id='word_1_129' title='bbox 497 2150 635 2217; x_wconf 91' lang='lat' dir='ltr'><strong>quoque</strong></span> <span class='ocrx_word' id='word_1_130' title='bbox 650 2127 807 2195; x_wconf 90' lang='lat' dir='ltr'><strong>Medeam</strong></span> <span class='ocrx_word' id='word_1_131' title='bbox 822 2149 939 2194; x_wconf 90' lang='lat' dir='ltr'><strong>secum</strong></span> <span class='ocrx_word' id='word_1_132' title='bbox 960 2127 1074 2193; x_wconf 90' lang='lat' dir='ltr'><strong>auimo</strong></span> <span class='ocrx_word' id='word_1_133' title='bbox 1094 2125 1205 2192; x_wconf 90' lang='lat' dir='ltr'><strong>revol-</strong></span> 
     </span>
     <span class='ocr_line' id='line_1_18' title="bbox 81 2233 393 2302; baseline 0.003 -1"><span class='ocrx_word' id='word_1_134' title='bbox 81 2256 163 2301; x_wconf 88' lang='lat' dir='ltr'><strong>vere</strong></span> <span class='ocrx_word' id='word_1_135' title='bbox 185 2233 364 2300; x_wconf 67' lang='lat' dir='ltr'><strong>videmus³</strong></span> <span class='ocrx_word' id='word_1_136' title='bbox 385 2256 393 2302; x_wconf 74' lang='grc' dir='ltr'>ε</span> 
     </span>
    </p>
   </div>
   <div class='ocr_carea' id='block_1_5' title="bbox 644 2349 885 2434">
    <p class='ocr_par' dir='ltr' id='par_1_6' title="bbox 644 2349 885 2434">
     <span class='ocr_line' id='line_1_19' title="bbox 644 2349 885 2434; baseline -0.008 -22"><span class='ocrx_word' id='word_1_137' title='bbox 644 2349 744 2412; x_wconf 69' lang='grc' dir='ltr'>Πολλὰ</span> <span class='ocrx_word' id='word_1_138' title='bbox 760 2352 790 2412; x_wconf 80' lang='grc' dir='ltr'><strong>δὲ</strong></span> <span class='ocrx_word' id='word_1_139' title='bbox 806 2357 885 2434; x_wconf 80' lang='grc' dir='ltr'>θυμῷ</span> 
     </span>
    </p>
   </div>
   <div class='ocr_carea' id='block_1_6' title="bbox 245 2427 983 3025">
    <p class='ocr_par' dir='ltr' id='par_1_7' title="bbox 245 2427 983 2733">
     <span class='ocr_line' id='line_1_20' title="bbox 245 2427 983 2535; baseline 0.007 -29"><span class='ocrx_word' id='word_1_140' title='bbox 245 2445 374 2531; x_wconf 78' lang='grc' dir='ltr'>ὥρμαιν’,</span> <span class='ocrx_word' id='word_1_141' title='bbox 391 2449 460 2510; x_wconf 77' lang='grc' dir='ltr'>ὅσσα</span> <span class='ocrx_word' id='word_1_142' title='bbox 473 2427 631 2534; x_wconf 73' lang='grc' dir='ltr'>τ”Ἔρωτες</span> <span class='ocrx_word' id='word_1_143' title='bbox 647 2453 823 2535; x_wconf 81' lang='grc' dir='ltr'>ἐποτρύνουσι</span> <span class='ocrx_word' id='word_1_144' title='bbox 839 2451 983 2530; x_wconf 79' lang='grc' dir='ltr'>μέλεσθαι.</span> 
     </span>
     <span class='ocr_line' id='line_1_21' title="bbox 246 2545 971 2632; baseline 0.004 -26"><span class='ocrx_word' id='word_1_145' title='bbox 246 2550 359 2631; x_wconf 77' lang='grc' dir='ltr'>Προπρλ</span> <span class='ocrx_word' id='word_1_146' title='bbox 375 2545 444 2632; x_wconf 80' lang='lat' dir='ltr'><strong>d’ilp&#39;</strong></span> <span class='ocrx_word' id='word_1_147' title='bbox 460 2550 603 2632; x_wconf 76' lang='grc' dir='ltr'>ὀφθαλμῶν</span> <span class='ocrx_word' id='word_1_148' title='bbox 617 2550 657 2609; x_wconf 81' lang='grc' dir='ltr'>’ἐτι</span> <span class='ocrx_word' id='word_1_149' title='bbox 672 2556 696 2610; x_wconf 80' lang='grc' dir='ltr'><strong>οἱ</strong></span> <span class='ocrx_word' id='word_1_150' title='bbox 713 2549 858 2609; x_wconf 79' lang='grc' dir='ltr'>ἰνδάλλετο</span> <span class='ocrx_word' id='word_1_151' title='bbox 870 2547 971 2627; x_wconf 74' lang='grc' dir='ltr'>πάντα,</span> 
     </span>
     <span class='ocr_line' id='line_1_22' title="bbox 246 2638 857 2733; baseline 0.005 -30"><span class='ocrx_word' id='word_1_152' title='bbox 246 2645 328 2712; x_wconf 82' lang='grc' dir='ltr'>αὐτός</span> <span class='ocrx_word' id='word_1_153' title='bbox 344 2638 428 2712; x_wconf 80' lang='grc' dir='ltr'>θὀἷος</span> <span class='ocrx_word' id='word_1_154' title='bbox 443 2645 505 2725; x_wconf 72' lang='grc' dir='ltr'><strong>ἱἔην,</strong></span> <span class='ocrx_word' id='word_1_155' title='bbox 521 2646 591 2708; x_wconf 75' lang='lat' dir='ltr'><strong>elect</strong></span> <span class='ocrx_word' id='word_1_156' title='bbox 605 2672 637 2708; x_wconf 81' lang='grc' dir='ltr'>τι</span> <span class='ocrx_word' id='word_1_157' title='bbox 653 2648 765 2733; x_wconf 78' lang='grc' dir='ltr'>φάρεσιν</span> <span class='ocrx_word' id='word_1_158' title='bbox 781 2644 857 2721; x_wconf 74' lang='grc' dir='ltr'>ἕστο,</span> 
     </span>
    </p>

    <p class='ocr_par' dir='ltr' id='par_1_8' title="bbox 246 2735 972 3025">
     <span class='ocr_line' id='line_1_23' title="bbox 247 2735 972 2830; baseline 0.001 -28"><span class='ocrx_word' id='word_1_159' title='bbox 247 2735 297 2802; x_wconf 81' lang='grc' dir='ltr'><strong>οἷα</strong></span> <span class='ocrx_word' id='word_1_160' title='bbox 310 2741 415 2828; x_wconf 80' lang='grc' dir='ltr'>τ’ἔειρ’,</span> <span class='ocrx_word' id='word_1_161' title='bbox 433 2742 470 2811; x_wconf 77' lang='grc' dir='ltr'><strong>ὣς</strong></span> <span class='ocrx_word' id='word_1_162' title='bbox 483 2743 578 2815; x_wconf 71' lang='grc' dir='ltr'>θ’ἓζετ’</span> <span class='ocrx_word' id='word_1_163' title='bbox 590 2750 633 2806; x_wconf 73' lang='grc' dir='ltr'>ἔπι</span> <span class='ocrx_word' id='word_1_164' title='bbox 649 2745 756 2830; x_wconf 81' lang='grc' dir='ltr'>θρόνου,</span> <span class='ocrx_word' id='word_1_165' title='bbox 774 2744 811 2814; x_wconf 78' lang='grc' dir='ltr'><strong>ὣς</strong></span> <span class='ocrx_word' id='word_1_166' title='bbox 825 2770 856 2804; x_wconf 85' lang='grc' dir='ltr'><strong>τε</strong></span> <span class='ocrx_word' id='word_1_167' title='bbox 874 2748 972 2830; x_wconf 84' lang='grc' dir='ltr'>θύραζε</span> 
     </span>
     <span class='ocr_line' id='line_1_24' title="bbox 246 2828 894 2928; baseline 0.005 -28"><span class='ocrx_word' id='word_1_168' title='bbox 246 2841 318 2920; x_wconf 77' lang='grc' dir='ltr'>ἤιεν·</span> <span class='ocrx_word' id='word_1_169' title='bbox 335 2843 366 2902; x_wconf 81' lang='grc' dir='ltr'><strong>οὔ</strong></span> <span class='ocrx_word' id='word_1_170' title='bbox 382 2844 413 2902; x_wconf 81' lang='grc' dir='ltr'><strong>δὲ</strong></span> <span class='ocrx_word' id='word_1_171' title='bbox 426 2842 485 2902; x_wconf 86' lang='grc' dir='ltr'>τιν’</span> <span class='ocrx_word' id='word_1_172' title='bbox 499 2843 580 2904; x_wconf 71' lang='grc' dir='ltr'>ἄλλον</span> <span class='ocrx_word' id='word_1_173' title='bbox 596 2848 707 2906; x_wconf 78' lang='grc' dir='ltr'>ὀίσσατο</span> <span class='ocrx_word' id='word_1_174' title='bbox 720 2828 894 2928; x_wconf 75' lang='grc' dir='ltr'>πορφύρουσα</span> 
     </span>
     <span class='ocr_line' id='line_1_25' title="bbox 249 2939 592 3025; baseline 0.006 -25"><span class='ocrx_word' id='word_1_175' title='bbox 249 2941 368 3020; x_wconf 74' lang='grc' dir='ltr'>’ἔμμεναι</span> <span class='ocrx_word' id='word_1_176' title='bbox 384 2939 468 3025; x_wconf 81' lang='grc' dir='ltr'>ἀνέρα</span> <span class='ocrx_word' id='word_1_177' title='bbox 480 2954 592 3006; x_wconf 90' lang='grc' dir='ltr'>τοῖον...</span> 
     </span>
    </p>
   </div>
   <div class='ocr_carea' id='block_1_7' title="bbox 87 3126 1210 3429">
    <p class='ocr_par' dir='ltr' id='par_1_9' title="bbox 87 3126 1210 3429">
     <span class='ocr_line' id='line_1_26' title="bbox 89 3126 1210 3221; baseline 0.003 -26"><span class='ocrx_word' id='word_1_178' title='bbox 89 3126 161 3195; x_wconf 88' lang='lat' dir='ltr'><strong>Sed</strong></span> <span class='ocrx_word' id='word_1_179' title='bbox 178 3134 317 3217; x_wconf 89' lang='lat' dir='ltr'><strong>praeter</strong></span> <span class='ocrx_word' id='word_1_180' title='bbox 335 3130 398 3195; x_wconf 90' lang='lat' dir='ltr'><strong>ista</strong></span> <span class='ocrx_word' id='word_1_181' title='bbox 419 3129 504 3196; x_wconf 92' lang='lat' dir='ltr'><strong>nihil</strong></span> <span class='ocrx_word' id='word_1_182' title='bbox 525 3130 640 3220; x_wconf 89' lang='lat' dir='ltr'><strong>puella</strong></span> <span class='ocrx_word' id='word_1_183' title='bbox 660 3136 798 3220; x_wconf 86' lang='lat' dir='ltr'><strong>reputat</strong></span> <span class='ocrx_word' id='word_1_184' title='bbox 818 3131 966 3220; x_wconf 89' lang='lat' dir='ltr'><strong>amplius</strong></span> <span class='ocrx_word' id='word_1_185' title='bbox 979 3131 1003 3214; x_wconf 82' lang='lat'><strong>¹⁵,</strong></span> <span class='ocrx_word' id='word_1_186' title='bbox 1025 3136 1210 3221; x_wconf 89' lang='lat' dir='ltr'><strong>postquam</strong></span> 
     </span>
     <span class='ocr_line' id='line_1_27' title="bbox 87 3235 1210 3328; baseline 0.004 -28"><span class='ocrx_word' id='word_1_187' title='bbox 87 3235 180 3300; x_wconf 89' lang='lat' dir='ltr'><strong>intra</strong></span> <span class='ocrx_word' id='word_1_188' title='bbox 199 3237 393 3322; x_wconf 80' lang='lat' dir='ltr'><strong>virgineum</strong></span> <span class='ocrx_word' id='word_1_189' title='bbox 413 3237 610 3303; x_wconf 85' lang='lat' dir='ltr'><strong>cubiculum</strong></span> <span class='ocrx_word' id='word_1_190' title='bbox 630 3260 666 3304; x_wconf 92' lang='lat' dir='ltr'><strong>se</strong></span> <span class='ocrx_word' id='word_1_191' title='bbox 686 3239 817 3328; x_wconf 91' lang='lat' dir='ltr'><strong>recepit</strong></span> <span class='ocrx_word' id='word_1_192' title='bbox 845 3245 879 3305; x_wconf 88' lang='lat' dir='ltr'><strong>et</strong></span> <span class='ocrx_word' id='word_1_193' title='bbox 907 3261 1016 3328; x_wconf 84' lang='lat' dir='ltr'><strong>prope</strong></span> <span class='ocrx_word' id='word_1_194' title='bbox 1045 3239 1210 3305; x_wconf 87' lang='lat' dir='ltr'><strong>lectulum</strong></span> 
     </span>
     <span class='ocr_line' id='line_1_28' title="bbox 91 3342 1088 3429; baseline 0.004 -22"><span class='ocrx_word' id='word_1_195' title='bbox 91 3343 127 3407; x_wconf 92' lang='lat' dir='ltr'><strong>in</strong></span> <span class='ocrx_word' id='word_1_196' title='bbox 148 3342 281 3424; x_wconf 92' lang='lat' dir='ltr'><strong>sellula,</strong></span> <span class='ocrx_word' id='word_1_197' title='bbox 304 3345 400 3411; x_wconf 89' lang='lat' dir='ltr'><strong>vultu</strong></span> <span class='ocrx_word' id='word_1_198' title='bbox 420 3345 455 3410; x_wconf 92' lang='lat' dir='ltr'><strong>in</strong></span> <span class='ocrx_word' id='word_1_199' title='bbox 476 3345 649 3414; x_wconf 85' lang='lat' dir='ltr'><strong>sinistram</strong></span> <span class='ocrx_word' id='word_1_200' title='bbox 667 3367 809 3412; x_wconf 89' lang='lat' dir='ltr'><strong>manum</strong></span> <span class='ocrx_word' id='word_1_201' title='bbox 828 3346 957 3429; x_wconf 85' lang='lat' dir='ltr'><strong>innixo,</strong></span> <span class='ocrx_word' id='word_1_202' title='bbox 981 3345 1088 3412; x_wconf 90' lang='lat' dir='ltr'><strong>sedet.</strong></span> 
     </span>
    </p>
   </div>
   <div class='ocr_carea' id='block_1_8' title="bbox 84 3537 1212 3874">
    <p class='ocr_par' dir='ltr' id='par_1_10' title="bbox 84 3537 1212 3874">
     <span class='ocr_line' id='line_1_29' title="bbox 84 3537 1210 3604; baseline 0.004 -18"><span class='ocrx_word' id='word_1_203' title='bbox 84 3555 86 3558; x_wconf 91' lang='lat'>·</span> <span class='ocrx_word' id='word_1_204' title='bbox 124 3537 147 3586; x_wconf 89' lang='lat'><strong>1.</strong></span> <span class='ocrx_word' id='word_1_205' title='bbox 164 3537 200 3589; x_wconf 82' lang='lat' dir='ltr'><strong>Gt.</strong></span> <span class='ocrx_word' id='word_1_206' title='bbox 223 3541 299 3598; x_wconf 66' lang='lat' dir='ltr'><strong>Aen„</strong></span> <span class='ocrx_word' id='word_1_207' title='bbox 316 3539 359 3601; x_wconf 88' lang='lat' dir='ltr'><strong>XI,</strong></span> <span class='ocrx_word' id='word_1_208' title='bbox 376 3540 432 3604; x_wconf 75' lang='lat'><strong>641,</strong></span> <span class='ocrx_word' id='word_1_209' title='bbox 446 3540 508 3598; x_wconf 73' lang='lat'><strong>6443</strong></span> <span class='ocrx_word' id='word_1_210' title='bbox 524 3541 542 3601; x_wconf 97' lang='grc' dir='ltr'><strong>Ι,</strong></span> <span class='ocrx_word' id='word_1_211' title='bbox 563 3540 625 3601; x_wconf 85' lang='grc'>589;</span> <span class='ocrx_word' id='word_1_212' title='bbox 642 3542 676 3601; x_wconf 90' lang='grc' dir='ltr'><strong>ΙΙ,</strong></span> <span class='ocrx_word' id='word_1_213' title='bbox 692 3541 754 3602; x_wconf 73' lang='lat'><strong>2713</strong></span> <span class='ocrx_word' id='word_1_214' title='bbox 775 3570 805 3578; x_wconf 90' lang='lat'>—</span> <span class='ocrx_word' id='word_1_215' title='bbox 824 3541 866 3602; x_wconf 71' lang='lat' dir='ltr'><strong>n„</strong></span> <span class='ocrx_word' id='word_1_216' title='bbox 890 3544 920 3601; x_wconf 93' lang='lat' dir='ltr'><strong>II,</strong></span> <span class='ocrx_word' id='word_1_217' title='bbox 941 3541 1001 3602; x_wconf 77' lang='lat'><strong>4783</strong></span> <span class='ocrx_word' id='word_1_218' title='bbox 1017 3542 1058 3603; x_wconf 93' lang='lat' dir='ltr'><strong>Ill,</strong></span> <span class='ocrx_word' id='word_1_219' title='bbox 1075 3541 1136 3602; x_wconf 86' lang='lat'><strong>193;</strong></span> <span class='ocrx_word' id='word_1_220' title='bbox 1153 3540 1210 3599; x_wconf 87' lang='lat' dir='ltr'><strong>Od.,</strong></span> 
     </span>
     <span class='ocr_line' id='line_1_30' title="bbox 92 3608 1211 3679; baseline 0.004 -23"><span class='ocrx_word' id='word_1_221' title='bbox 92 3608 180 3668; x_wconf 90' lang='lat' dir='ltr'><strong>XVIII,</strong></span> <span class='ocrx_word' id='word_1_222' title='bbox 193 3609 238 3670; x_wconf 86' lang='grc'><strong>68;</strong></span> <span class='ocrx_word' id='word_1_223' title='bbox 254 3638 283 3647; x_wconf 95' lang='grc'>-</span> <span class='ocrx_word' id='word_1_224' title='bbox 295 3612 394 3669; x_wconf 74' lang='lat' dir='ltr'><strong>Aeonu,</strong></span> <span class='ocrx_word' id='word_1_225' title='bbox 410 3613 517 3676; x_wconf 62' lang='lat' dir='ltr'><strong>Arqon„</strong></span> <span class='ocrx_word' id='word_1_226' title='bbox 533 3612 573 3674; x_wconf 93' lang='lat' dir='ltr'><strong>Ill,</strong></span> <span class='ocrx_word' id='word_1_227' title='bbox 586 3613 632 3661; x_wconf 79' lang='lat'><strong>453</strong></span> <span class='ocrx_word' id='word_1_228' title='bbox 643 3627 695 3676; x_wconf 86' lang='lat' dir='ltr'><strong>sq.;</strong></span> <span class='ocrx_word' id='word_1_229' title='bbox 711 3640 740 3649; x_wconf 90' lang='lat'>-</span> <span class='ocrx_word' id='word_1_230' title='bbox 756 3615 826 3673; x_wconf 68' lang='lat' dir='ltr'><strong>Hora,</strong></span> <span class='ocrx_word' id='word_1_231' title='bbox 838 3615 895 3679; x_wconf 70' lang='lat' dir='ltr'><strong>Ep„</strong></span> <span class='ocrx_word' id='word_1_232' title='bbox 907 3629 949 3673; x_wconf 89' lang='lat' dir='ltr'><strong>vu,</strong></span> <span class='ocrx_word' id='word_1_233' title='bbox 959 3612 1002 3673; x_wconf 81' lang='lat'><strong>26;</strong></span> <span class='ocrx_word' id='word_1_234' title='bbox 1013 3640 1044 3648; x_wconf 97' lang='lat'>—</span> <span class='ocrx_word' id='word_1_235' title='bbox 1053 3612 1111 3662; x_wconf 75' lang='lat' dir='ltr'><strong>Van.</strong></span> <span class='ocrx_word' id='word_1_236' title='bbox 1122 3627 1211 3672; x_wconf 43' lang='lat' dir='ltr'><strong>scacos,</strong></span> 
     </span>
     <span class='ocr_line' id='line_1_31' title="bbox 91 3679 1211 3748; baseline 0.004 -21"><span class='ocrx_word' id='word_1_237' title='bbox 91 3679 111 3738; x_wconf 93' lang='lat' dir='ltr'><strong>I,</strong></span> <span class='ocrx_word' id='word_1_238' title='bbox 127 3679 173 3730; x_wconf 80' lang='lat'><strong>433</strong></span> <span class='ocrx_word' id='word_1_239' title='bbox 187 3697 258 3744; x_wconf 91' lang='lat' dir='ltr'><strong>sqq.;</strong></span> <span class='ocrx_word' id='word_1_240' title='bbox 274 3682 303 3741; x_wconf 93' lang='lat' dir='ltr'><strong>II,</strong></span> <span class='ocrx_word' id='word_1_241' title='bbox 319 3682 432 3734; x_wconf 76' lang='lat' dir='ltr'><strong>las-492.</strong></span> <span class='ocrx_word' id='word_1_242' title='bbox 449 3711 478 3718; x_wconf 94' lang='lat'>-</span> <span class='ocrx_word' id='word_1_243' title='bbox 494 3683 533 3732; x_wconf 82' lang='lat' dir='ltr'><strong>Cf.</strong></span> <span class='ocrx_word' id='word_1_244' title='bbox 549 3684 610 3732; x_wconf 90' lang='lat' dir='ltr'><strong>alios</strong></span> <span class='ocrx_word' id='word_1_245' title='bbox 623 3685 722 3747; x_wconf 87' lang='lat' dir='ltr'><strong>iusuper</strong></span> <span class='ocrx_word' id='word_1_246' title='bbox 737 3685 804 3733; x_wconf 88' lang='lat' dir='ltr'><strong>locos</strong></span> <span class='ocrx_word' id='word_1_247' title='bbox 823 3686 889 3748; x_wconf 88' lang='lat' dir='ltr'><strong>apud</strong></span> <span class='ocrx_word' id='word_1_248' title='bbox 911 3685 1002 3744; x_wconf 82' lang='lat' dir='ltr'><strong>Hanar,</strong></span> <span class='ocrx_word' id='word_1_249' title='bbox 1018 3683 1161 3742; x_wconf 78' lang='lat' dir='ltr'><strong>Aeaciden,</strong></span> <span class='ocrx_word' id='word_1_250' title='bbox 1182 3684 1211 3744; x_wconf 95' lang='grc' dir='ltr'><strong>ΙΙ,</strong></span> 
     </span>
     <span class='ocr_line' id='line_1_32' title="bbox 91 3750 1212 3821; baseline 0.004 -22"><span class='ocrx_word' id='word_1_251' title='bbox 91 3750 148 3810; x_wconf 86' lang='grc'>560,</span> <span class='ocrx_word' id='word_1_252' title='bbox 163 3754 204 3815; x_wconf 91' lang='lat' dir='ltr'><strong>qui</strong></span> <span class='ocrx_word' id='word_1_253' title='bbox 220 3753 332 3802; x_wconf 75' lang='lat' dir='ltr'><strong>Diuersa</strong></span> <span class='ocrx_word' id='word_1_254' title='bbox 347 3769 442 3818; x_wconf 89' lang='lat' dir='ltr'><strong>quoque</strong></span> <span class='ocrx_word' id='word_1_255' title='bbox 457 3755 584 3805; x_wconf 80' lang='lat' dir='ltr'><strong>Pueroion</strong></span> <span class='ocrx_word' id='word_1_256' title='bbox 599 3756 671 3815; x_wconf 88' lang='lat' dir='ltr'><strong>citat,</strong></span> <span class='ocrx_word' id='word_1_257' title='bbox 686 3770 740 3819; x_wconf 88' lang='lat' dir='ltr'><strong>cap.</strong></span> <span class='ocrx_word' id='word_1_258' title='bbox 756 3756 807 3805; x_wconf 82' lang='lat'><strong>12:</strong></span> <span class='ocrx_word' id='word_1_259' title='bbox 827 3776 838 3801; x_wconf 97' lang='grc' dir='ltr'><strong>ιι</strong></span> <span class='ocrx_word' id='word_1_260' title='bbox 857 3759 963 3805; x_wconf 82' lang='lat' dir='ltr'><strong>Aeneam</strong></span> <span class='ocrx_word' id='word_1_261' title='bbox 979 3756 1073 3818; x_wconf 77' lang='lat' dir='ltr'><strong>rusum,</strong></span> <span class='ocrx_word' id='word_1_262' title='bbox 1089 3756 1212 3821; x_wconf 82' lang='lat' dir='ltr'><strong>quodra-</strong></span> 
     </span>
     <span class='ocr_line' id='line_1_33' title="bbox 94 3826 191 3874; baseline -0.01 -2"><span class='ocrx_word' id='word_1_263' title='bbox 94 3826 161 3874; x_wconf 79' lang='lat' dir='ltr'><strong>tum.</strong></span> <span class='ocrx_word' id='word_1_264' title='bbox 179 3842 191 3866; x_wconf 78' lang='grc' dir='ltr'>ι)</span> 
     </span>
    </p>
   </div>
   <div class='ocr_carea' id='block_1_9' title="bbox 93 3894 1219 4461">
    <p class='ocr_par' dir='ltr' id='par_1_11' title="bbox 93 3894 1215 4157">
     <span class='ocr_line' id='line_1_34' title="bbox 123 3894 1215 3961; baseline 0.002 -18"><span class='ocrx_word' id='word_1_265' title='bbox 123 3894 147 3945; x_wconf 77' lang='grc'><strong>2.</strong></span> <span class='ocrx_word' id='word_1_266' title='bbox 166 3894 201 3947; x_wconf 81' lang='lat' dir='ltr'><strong>Cf.</strong></span> <span class='ocrx_word' id='word_1_267' title='bbox 220 3897 372 3961; x_wconf 76' lang='lat' dir='ltr'><strong>Psaacnnnr,</strong></span> <span class='ocrx_word' id='word_1_268' title='bbox 390 3898 509 3959; x_wconf 73' lang='lat' dir='ltr'><strong>waurin,</strong></span> <span class='ocrx_word' id='word_1_269' title='bbox 526 3898 650 3957; x_wconf 74' lang='lat' dir='ltr'><strong>Lanuvio,</strong></span> <span class='ocrx_word' id='word_1_270' title='bbox 662 3897 971 3959; x_wconf 78' lang='lat' dir='ltr'><strong>Conrnoron-Nrrrcrsnir,</strong></span> <span class='ocrx_word' id='word_1_271' title='bbox 983 3899 1116 3958; x_wconf 79' lang='lat' dir='ltr'><strong>Funerum,</strong></span> <span class='ocrx_word' id='word_1_272' title='bbox 1131 3899 1215 3946; x_wconf 75' lang='lat' dir='ltr'><strong>Hunni</strong></span> 
     </span>
     <span class='ocr_line' id='line_1_35' title="bbox 93 3965 374 4029; baseline 0.021 -17"><span class='ocrx_word' id='word_1_273' title='bbox 93 3965 245 4028; x_wconf 80' lang='lat' dir='ltr'><strong>(Aenez&#39;dea,</strong></span> <span class='ocrx_word' id='word_1_274' title='bbox 262 3966 292 4027; x_wconf 89' lang='grc' dir='ltr'><strong>ΙΙ,</strong></span> <span class='ocrx_word' id='word_1_275' title='bbox 308 3968 374 4029; x_wconf 86' lang='grc'><strong>560.)</strong></span> 
     </span>
     <span class='ocr_line' id='line_1_36' title="bbox 95 4036 1215 4157; baseline 0.002 -71"><span class='ocrx_word' id='word_1_276' title='bbox 95 4036 149 4157; x_wconf 58' lang='grc' dir='ltr'><strong>Μῗ.</strong></span> <span class='ocrx_word' id='word_1_277' title='bbox 176 4039 256 4097; x_wconf 64' lang='lat' dir='ltr'><strong>Aen„</strong></span> <span class='ocrx_word' id='word_1_278' title='bbox 284 4038 307 4099; x_wconf 93' lang='lat' dir='ltr'><strong>I,</strong></span> <span class='ocrx_word' id='word_1_279' title='bbox 332 4040 447 4089; x_wconf 82' lang='lat'>589-593.</span> <span class='ocrx_word' id='word_1_280' title='bbox 467 4067 499 4076; x_wconf 93' lang='lat'><strong>—-</strong></span> <span class='ocrx_word' id='word_1_281' title='bbox 524 4043 621 4089; x_wconf 80' lang='lat' dir='ltr'><strong>Aeneae</strong></span> <span class='ocrx_word' id='word_1_282' title='bbox 650 4041 738 4089; x_wconf 84' lang='lat' dir='ltr'><strong>formae</strong></span> <span class='ocrx_word' id='word_1_283' title='bbox 766 4041 846 4089; x_wconf 90' lang='lat' dir='ltr'><strong>denuo</strong></span> <span class='ocrx_word' id='word_1_284' title='bbox 875 4043 983 4090; x_wconf 84' lang='lat' dir='ltr'><strong>meminit</strong></span> <span class='ocrx_word' id='word_1_285' title='bbox 1012 4041 1135 4104; x_wconf 84' lang='lat' dir='ltr'><strong>Vergilius</strong></span> <span class='ocrx_word' id='word_1_286' title='bbox 1165 4039 1215 4104; x_wconf 90' lang='lat' dir='ltr'><strong>(IV,</strong></span> 
     </span>
    </p>

    <p class='ocr_par' dir='ltr' id='par_1_12' title="bbox 156 4112 221 4174">
     <span class='ocr_line' id='line_1_37' title="bbox 156 4112 221 4174; baseline 0.031 -2"><span class='ocrx_word' id='word_1_287' title='bbox 156 4112 221 4174; x_wconf 73' lang='grc' dir='ltr'><strong>8ιιι.)</strong></span> 
     </span>
    </p>

    <p class='ocr_par' dir='ltr' id='par_1_13' title="bbox 126 4180 464 4248">
     <span class='ocr_line' id='line_1_38' title="bbox 126 4180 464 4248; baseline 0.015 -20"><span class='ocrx_word' id='word_1_288' title='bbox 126 4180 150 4228; x_wconf 77' lang='lat' dir='ltr'><strong>l.</strong></span> <span class='ocrx_word' id='word_1_289' title='bbox 168 4182 274 4248; x_wconf 67' lang='lat' dir='ltr'><strong>Arpos„</strong></span> <span class='ocrx_word' id='word_1_290' title='bbox 292 4183 393 4242; x_wconf 74' lang='lat'>111‚451</span> <span class='ocrx_word' id='word_1_291' title='bbox 411 4197 464 4246; x_wconf 87' lang='lat' dir='ltr'><strong>sqq.</strong></span> 
     </span>
    </p>

    <p class='ocr_par' dir='ltr' id='par_1_14' title="bbox 94 4253 1219 4461">
     <span class='ocr_line' id='line_1_39' title="bbox 127 4253 1219 4319; baseline 0.005 -20"><span class='ocrx_word' id='word_1_292' title='bbox 127 4253 150 4299; x_wconf 89' lang='lat'><strong>5.</strong></span> <span class='ocrx_word' id='word_1_293' title='bbox 167 4253 309 4318; x_wconf 80' lang='lat' dir='ltr'><strong>Quanquam</strong></span> <span class='ocrx_word' id='word_1_294' title='bbox 324 4255 379 4302; x_wconf 84' lang='lat' dir='ltr'><strong>aliis</strong></span> <span class='ocrx_word' id='word_1_295' title='bbox 392 4255 488 4304; x_wconf 82' lang='lat' dir='ltr'><strong>Iasonis</strong></span> <span class='ocrx_word' id='word_1_296' title='bbox 511 4254 611 4304; x_wconf 89' lang='lat' dir='ltr'><strong>dotibus</strong></span> <span class='ocrx_word' id='word_1_297' title='bbox 629 4256 729 4318; x_wconf 85' lang='lat' dir='ltr'><strong>Insuper</strong></span> <span class='ocrx_word' id='word_1_298' title='bbox 743 4257 890 4305; x_wconf 87' lang='lat' dir='ltr'><strong>commoveri</strong></span> <span class='ocrx_word' id='word_1_299' title='bbox 905 4257 992 4306; x_wconf 84' lang='lat' dir='ltr'><strong>Medea</strong></span> <span class='ocrx_word' id='word_1_300' title='bbox 1011 4257 1138 4319; x_wconf 87' lang='lat' dir='ltr'><strong>potuisset,</strong></span> <span class='ocrx_word' id='word_1_301' title='bbox 1156 4270 1219 4319; x_wconf 91' lang='lat' dir='ltr'><strong>quo-</strong></span> 
     </span>
     <span class='ocr_line' id='line_1_40' title="bbox 94 4323 1217 4392; baseline 0.005 -21"><span class='ocrx_word' id='word_1_302' title='bbox 94 4323 255 4388; x_wconf 84' lang='lat' dir='ltr'><strong>niamgraeco</strong></span> <span class='ocrx_word' id='word_1_303' title='bbox 270 4326 337 4375; x_wconf 81' lang='lat' dir='ltr'><strong>heroi</strong></span> <span class='ocrx_word' id='word_1_304' title='bbox 354 4326 441 4375; x_wconf 91' lang='lat' dir='ltr'><strong>Heram</strong></span> <span class='ocrx_word' id='word_1_305' title='bbox 454 4326 553 4374; x_wconf 89' lang='lat' dir='ltr'><strong>dedisse</strong></span> <span class='ocrx_word' id='word_1_306' title='bbox 568 4326 713 4389; x_wconf 85' lang='lat' dir='ltr'><strong>Apollonius</strong></span> <span class='ocrx_word' id='word_1_307' title='bbox 728 4327 798 4392; x_wconf 87' lang='lat' dir='ltr'><strong>dicit,</strong></span> <span class='ocrx_word' id='word_1_308' title='bbox 816 4342 864 4376; x_wconf 90' lang='lat' dir='ltr'><strong>non</strong></span> <span class='ocrx_word' id='word_1_309' title='bbox 879 4328 957 4378; x_wconf 87' lang='lat' dir='ltr'><strong>solum</strong></span> <span class='ocrx_word' id='word_1_310' title='bbox 976 4329 1088 4392; x_wconf 87' lang='lat' dir='ltr'><strong>corporis</strong></span> <span class='ocrx_word' id='word_1_311' title='bbox 1103 4329 1217 4390; x_wconf 78' lang='lat' dir='ltr'><strong>formam,</strong></span> 
     </span>
     <span class='ocr_line' id='line_1_41' title="bbox 96 4394 488 4461; baseline 0.005 -17"><span class='ocrx_word' id='word_1_312' title='bbox 96 4394 142 4445; x_wconf 87' lang='lat' dir='ltr'><strong>sed</strong></span> <span class='ocrx_word' id='word_1_313' title='bbox 160 4401 184 4445; x_wconf 89' lang='lat' dir='ltr'><strong>et</strong></span> <span class='ocrx_word' id='word_1_314' title='bbox 198 4416 210 4442; x_wconf 94' lang='grc' dir='ltr'><strong>ιι</strong></span> <span class='ocrx_word' id='word_1_315' title='bbox 226 4397 324 4447; x_wconf 87' lang='lat' dir='ltr'><strong>dicendi</strong></span> <span class='ocrx_word' id='word_1_316' title='bbox 339 4399 455 4461; x_wconf 89' lang='lat' dir='ltr'><strong>leporem.</strong></span> <span class='ocrx_word' id='word_1_317' title='bbox 474 4413 488 4446; x_wconf 82' lang='grc' dir='ltr'>ν</span> 
     </span>
    </p>
   </div>
   <div class='ocr_carea' id='block_1_10' title="bbox 0 0 1452 4928">
    <p class='ocr_par' dir='ltr' id='par_1_15' title="bbox 0 0 1452 4928">
     <span class='ocr_line' id='line_1_42' title="bbox 0 0 1452 4928; baseline 0 0"><span class='ocrx_word' id='word_1_318' title='bbox 0 0 1452 4928; x_wconf 95' lang='lat' dir='ltr'><strong> </strong></span> 
     </span>
    </p>
   </div>
  </div>
 </body>
</html>
