2844 4928
229 322 294 389 154
700 340 873 388 coucnusro.

226 518 282 584 vel
306 518 408 584 etiam
437 516 589 583 indolem
614 516 748 605 priores
778 520 901 605 poetae
929 518 988 581 aut
1013 514 1168 583 historici
1196 517 1348 585 tradide-

225 629 315 707 rant,
333 624 436 711 longe
455 628 571 689 tamen
591 623 689 689 abest
707 627 744 688 ut
763 623 821 688 ille
841 623 993 708 integras
1013 623 1199 713 acceperit,
1222 624 1347 691 crudas

225 730 428 798 reddiderit,
454 730 498 797 Et
526 731 554 796 si
579 729 655 796 aliis
680 729 821 818 quidem
840 730 873 796 in
895 729 1052 820 partibus
1080 731 1253 819 poematis
1282 733 1345 814 sui,

224 838 440 927 -exempli
467 838 578 924 gratia
610 837 644 902 in
673 859 790 903 rerum
819 841 992 904 mutarum
1025 836 1261 927 descriptione
1290 846 1349 906 aut

224 967 341 1013 rerum
377 949 554 1031 gestarum
584 943 809 1033 explicatione
820 945 843 1028 ¹,
874 983 918 993 -
951 943 1106 1010 eruditae
1139 949 1172 1010 et
1203 944 1347 1036 proprie

223 1052 406 1119 historicae
440 1050 637 1137 diligentiae
676 1050 910 1117 testimonium
948 1073 1027 1117 eum
1054 1050 1192 1117 dedisse
1220 1051 1345 1136 fateor,

224 1182 302 1226 cum
331 1165 450 1227 contra
474 1158 517 1225 de
537 1159 693 1248 personis
721 1157 925 1244 effingendis
949 1159 1075 1245 agitur,
1096 1180 1188 1245 nego
1217 1181 1347 1250 suppe-

223 1266 330 1333 ditata
350 1267 416 1333 sibi
436 1288 514 1332 eum
534 1265 745 1347 indistincte,
768 1266 849 1356 quia
868 1266 1025 1356 antiqua,
1051 1265 1291 1357 adsumpsisse
1316 1274 1349 1334 et

223 1395 301 1439 curn
321 1394 420 1439 serva
439 1372 590 1463 quadam
609 1371 807 1438 obedientia
829 1373 1024 1440 retinuisse.

265 1479 373 1546 Addit
390 1480 473 1545 item
492 1478 643 1567 plurima
661 1478 822 1567 receptis.
842 1479 883 1544 Et
900 1478 936 1544 in
956 1478 1089 1545 Didone
1108 1479 1218 1546 fusius
1240 1503 1347 1570 quam

222 1586 361 1652 brevius
382 1585 563 1651 ostendere
585 1585 675 1650 volui
696 1591 825 1675 quanto
843 1585 1026 1651 minutiore
1054 1608 1133 1651 oum
1159 1586 1347 1656 sedulitate

221 1691 406 1782 descripta,
429 1678 558 1781 quanto
579 1690 736 1780 pluribus
758 1691 932 1757 coloribus
953 1698 1075 1758 ornata
1090 1693 1167 1760 sita
1187 1692 1347 1781 Vergilio

221 1801 365 1866 amantis
398 1803 431 1865 et
455 1799 620 1888 deceptae
648 1798 796 1865 feminae
823 1797 1004 1885 cujusdam
1030 1799 1165 1868 indoles
1189 1823 1299 1890 quam
1327 1825 1348 1869 a

219 1907 354 1994 graecis
373 1907 485 1996 poetis
504 1907 584 1986 iilis,
607 1927 755 1995 quorum
776 1927 878 1972 succo
899 1909 1048 1973 nutritus
1067 1913 1187 1974 noster
1206 1908 1346 1977 dictita-

220 2019 287 2080 tur.
304 2014 441 2103 Quippe
461 2012 520 2103 qui
540 2012 694 2079 adlectus
716 2035 885 2102 personae
905 2013 1078 2098 inductae,
1094 2037 1162 2081 non
1183 2016 1291 2084 modo
1310 2018 1345 2084 in

222 2143 355 2187 summa
375 2131 408 2186 et
427 2143 445 2185 e
465 2120 655 2209 longinquo
675 2120 838 2202 delineet,
851 2119 913 2187 sed
926 2121 1069 2210 propius
1090 2128 1124 2188 et
1143 2124 1345 2212 perintime

222 2227 341 2294 subtili
364 2226 516 2316 quodam
542 2233 577 2293 et
607 2226 703 2293 tenui
721 2227 883 2316 penicillo
910 2226 1112 2311 adumbret,
1148 2250 1212 2295 nec
1240 2231 1346 2298 modo

221 2356 280 2400 eos
306 2335 341 2400 in
367 2335 442 2400 istis
467 2333 650 2400 momentis
684 2334 842 2422 arripiat,
876 2339 914 2399 ut
951 2335 999 2400 ita
1026 2334 1152 2418 dicam,
1179 2340 1214 2402 et
1240 2337 1344 2404 facile

221 2442 401 2531 exprimat,
433 2440 493 2507 ubi
521 2441 670 2507 maximo
694 2440 830 2507 fervore
859 2446 1069 2524 exaestuent,
1097 2448 1132 2510 et
1150 2444 1251 2532 quasi
1271 2446 1345 2511 vio-

219 2548 310 2614 lente
332 2554 558 2635 emergentes,
581 2571 601 2614 a
620 2548 742 2637 quovis
756 2548 812 2613 vel
831 2548 992 2638 imperito
1012 2548 1341 2639 deprehendantur;

219 2654 474 2722 -sedetiam
500 2653 689 2745 profundos
714 2676 835 2721 eorum
862 2655 996 2722 radices
1023 2657 1234 2746 tacitumque
1264 2682 1346 2748 pro-

219 2785 375 2854 cessum,
411 2763 625 2853 pusillasque
662 2762 858 2845 varietates,
894 2762 1196 2853 subobscurasque
1231 2773 1345 2833 muta-

218 2870 328 2937 tiones
347 2874 588 2960 persequatur.
645 2898 647 2903 ·

265 2976 366 3058 Quod
392 2982 506 3043 autem
540 2975 774 3043 additamenta
802 2977 869 3044 ista
893 2975 1070 3063 Vergilius
1100 2998 1167 3042 non
1198 3001 1239 3045 ex
1265 2980 1344 3047 aliis

250 3251 272 3302 1.
291 3250 432 3313 Quanquam
454 3253 492 3300 vei
516 3252 540 3298 in
562 3251 601 3299 his
624 3250 707 3313 optimi
725 3251 821 3312 judices
842 3256 989 3300 censuerunt
1007 3266 1118 3314 magnam
1144 3252 1266 3302 interdum
1287 3269 1343 3304 esse

116 3376 120 3383 ,
219 3323 320 3386 Vergilii
344 3325 480 3372 libertatem
506 3339 511 3371 :
535 3322 565 3372 de
587 3336 635 3386 quo
655 3338 678 3372 v.
702 3322 874 3382 Kirnreuaan,
899 3337 941 3385 op.
961 3324 1014 3382 cit,
1032 3342 1043 3367 κ
1061 3323 1087 3372 Si
1102 3324 1225 3372 Aeneidos
1245 3325 1344 3376 tabulas

218 3408 273 3441 cum
296 3393 326 3440 iis
349 3407 411 3455 quae
428 3395 458 3441 ab
485 3393 665 3456 antiquioribus
686 3393 816 3441 traduntur
831 3406 1011 3455 comparamus,
1037 3394 1107 3442 tacite
1122 3398 1189 3456 patet
1203 3394 1341 3460 Vergilium

219 3479 311 3512 summo
334 3465 415 3513 studio
438 3465 550 3527 antiquas
574 3465 671 3513 fabulas
692 3465 847 3526 repetivisse,
870 3465 915 3512 sed
938 3465 1037 3513 easdem
1056 3480 1144 3529 magne
1165 3480 1219 3514 cum
1242 3468 1342 3517 licentia

161 3561 166 3573 ·
220 3540 336 3586 mutasse.
361 3536 513 3598 inquirentes
533 3536 598 3584 enim
622 3536 646 3582 in
671 3536 752 3583 varios
767 3536 856 3583 modos
870 3535 960 3598 quihus
979 3536 1052 3585 nobis
1065 3550 1105 3585 res
1120 3542 1189 3585 actae
1210 3552 1225 3586 a
1243 3538 1341 3601 Latino,

220 3608 301 3656 Turno
311 3609 441 3670 Aeaeaque
453 3608 542 3656 tradita
552 3611 616 3665 sunt,
627 3607 762 3668 reperimus
773 3605 906 3669 Vergilium
917 3607 1009 3654 nulium
1018 3607 1181 3671 antiquiorum
1190 3609 1342 3672 scriptorum

221 3684 407 3737 seculumesse,
432 3679 476 3727 sed
499 3680 548 3727 lere
571 3692 658 3726 novam
683 3677 846 3725 narrationem
868 3679 1045 3739 composuisse,
1070 3683 1116 3728 etc.
1143 3698 1155 3721 »
1182 3678 1218 3728 cl.
1240 3694 1266 3743 p.
1289 3682 1340 3732 ot:

222 3770 234 3796 a
251 3751 324 3799 Nemo
346 3752 454 3814 proiecto
467 3751 498 3798 iis
509 3764 571 3813 quae
586 3749 739 3812 scripserunt
754 3748 942 3809 Samis-Beuve,
959 3749 1047 3798 Etude
1065 3766 1087 3802 s.
1110 3750 1218 3815 Virgile,
1231 3766 1256 3814 p.
1275 3752 1321 3803 108
1334 3769 1340 3803 :

221 3823 310 3885 Derrgr
332 3822 547 3871 d’Holz'curnusse
569 3836 601 3870 ne
619 3819 697 3884 parte
722 3820 803 3885 guerr
824 3819 952 3869 ici-deseos
970 3824 1121 3871 outrement
1139 3837 1189 3887 que
1211 3823 1339 3888 Virgile...

221 3899 245 3942 et
259 3893 407 3956 Scliwegler,
424 3894 495 3942 ito'm.
513 3892 614 3951 Gracia,
631 3893 648 3950 i,
667 3891 730 3941 289:
763 3889 845 3956 Vr'rqit
863 3890 933 3955 solql
950 3892 978 3940 in
999 3891 1171 3957 allgemeioeo
1186 3893 1234 3943 der
1246 3894 1340 3961 herge-

221 3965 344 4014 trochleis
370 3964 600 4029 Ueberlieseraa9;
626 3978 676 4012 aur
701 3977 737 4012 aa
760 3963 875 4029 wenigen
895 3961 1025 4021 Praeteri,
1051 3978 1089 4013 wo
1113 3965 1161 4013 das
1183 3964 1297 4016 dedicat
1312 3982 1340 4018 er

220 4037 347 4099 sarclerte,
362 4035 425 4101 geht
437 4050 466 4084 er
477 4050 526 4085 von
540 4035 585 4083 ihr
602 4034 635 4084 ab
682 4034 825 4085 consentiet.
842 4034 966 4097 Vergilias
981 4035 1119 4084 nominibus
1134 4036 1198 4084 notis
1214 4051 1274 4086 usus
1290 4043 1340 4099 est,

222 4109 266 4156 sed
286 4109 347 4156 lacta
372 4108 495 4155 hominum
520 4108 677 4169 fortunasque
697 4108 765 4154 tanta
784 4105 937 4168 neglegentia
959 4107 1073 4154 tractavit
1096 4111 1122 4155 ut
1145 4121 1176 4156 ex
1196 4106 1236 4155 his
1258 4111 1342 4159 nullus

222 4181 272 4229 lere
294 4184 424 4243 agnoscat,
447 4183 493 4228 etc.
521 4197 533 4223 ι)
551 4178 596 4237 in,
612 4177 685 4238 inid,
701 4192 726 4241 p.
742 4177 757 4224 5
779 4190 785 4225 :
809 4176 907 4225 Etiamsi
924 4177 1029 4238 probare
1042 4191 1173 4240 possumus
1189 4179 1255 4229 unde
1269 4186 1343 4244 poete

222 4253 297 4299 muita
311 4252 407 4301 nomina
424 4253 558 4313 multasque
573 4249 667 4298 tabulas
683 4249 811 4310 petiverat,
833 4247 931 4296 minime
954 4247 1010 4296 inde
1026 4250 1135 4311 sequitur
1145 4249 1238 4298 nullum
1254 4266 1342 4302 nomen

223 4323 361 4386 nullamque
391 4322 497 4371 fabulam
525 4322 578 4382 ejus
605 4320 711 4382 tingendi
743 4319 851 4367 facultati
876 4333 944 4367 suam
967 4320 1086 4382 originem
1110 4321 1234 4374 debuisse.
1262 4342 1275 4368 »
1305 4325 1341 4375 Cl.
1395 4358 1398 4363 -

222 4409 247 4457 p.
263 4394 345 4446 ato-lt.
