2844 4928
146 300 211 368 118
564 321 640 368 rius
664 320 846 368 rosrrnroa.

144 516 213 584 quo
231 494 336 560 verbo
354 492 560 583 imperiosae
579 495 719 582 reginae
739 493 903 584 superbia
919 490 1119 577 legentibus
1138 489 1263 558 utiliter

145 605 446 668 commemoratur.
468 600 511 668 Et
530 600 637 669 Turni
660 624 798 692 quoque
825 600 1029 666 «honorem
1052 625 1069 660 »
1098 597 1263 665 animum-

145 731 212 798 que
236 708 416 774 offensioni
443 729 604 796 pronum,
634 714 733 775 cavet
751 708 876 775 Amata
904 729 946 773 ne
971 728 1041 795 quo
1066 705 1179 771 verbo
1205 704 1263 770 im·

144 815 349 905 prudentius
368 814 524 904 projecto
547 815 694 882 laedat¹.
719 815 910 903 Diligenter
938 814 1030 880 enim
1058 811 1209 879 attendit
1224 833 1264 878 ne

145 922 189 988 de
224 944 362 1012 pugnae
396 923 489 988 exitu
521 923 623 989 nimis
653 944 727 989 esse
761 923 877 1005 anxia,
911 925 970 987 aut
1001 920 1135 987 strenui
1171 917 1263 984 ducis

144 1029 263 1095 virtuti
290 1052 412 1119 parum
440 1029 547 1095 fidere
568 1029 737 1097 videatur.
761 1029 837 1096 Huc
855 1033 975 1119 aperte
995 1031 1130 1119 spectat
1147 1025 1265 1092 volun·

144 1136 232 1203 toria
250 1136 310 1203 illa
331 1135 554 1227 amplificatio
577 1156 585 1204 τ

395 1331 513 1385 Desiste
527 1344 650 1386 manum
663 1332 850 1386 committere
869 1332 982 1392 Teucris,

147 1525 216 1593 quo
240 1502 400 1570 Amatam
428 1505 535 1571 verbo
564 1504 652 1571 male
685 1503 824 1573 Servius
857 1505 1019 1571 observat
1048 1530 1064 1565 u
1095 1501 1141 1569 ab
1175 1501 1265 1568 omni

146 1632 226 1676 eum
245 1610 350 1693 bello,
374 1633 439 1677 non
458 1616 591 1678 tantum
612 1612 814 1699 asingulari
833 1611 1017 1678 certamine
1037 1609 1229 1677 dehortari.
1249 1634 1262 1669 a

146 1720 289 1784 Teucros
308 1717 387 1784 ideo
404 1717 464 1784 illa
484 1717 579 1802 dicit,
602 1741 644 1785 ne
665 1740 771 1786 unum
791 1719 949 1806 designet
968 1719 1121 1784 Aeneam
1134 1717 1158 1783 ².

191 1824 310 1914 Neque
330 1824 452 1890 eadem
479 1825 594 1892 Turno
622 1825 760 1909 suadet,
790 1825 1019 1915 sicut'inepte
1043 1823 1207 1908 Latinus,
1230 1826 1263 1889 ut

148 1931 214 2002 sibi
248 1932 316 2022 ipsi
351 1932 507 1998 consulat
548 1933 739 2022 victorique
779 1933 869 1999 hosti
903 1931 1087 2012 concedat,
1125 1951 1263 1997 uxorem

146 2038 290 2104 alteram
310 2040 344 2105 in
365 2038 463 2105 Latio
490 2041 644 2108 securius
672 2041 902 2130 quaesiturus.
923 2040 1049 2106 Amata
1072 2060 1157 2107 vero
1183 2037 1263 2104 nihil

146 2145 237 2213 aliud
257 2146 421 2233 juvenem
442 2147 565 2236 poscit,
582 2148 648 2214 nisi
668 2148 810 2214 desistat

478 2355 600 2397 manum
615 2343 785 2396 commitere
801 2341 936 2408 Teucris;

75 2528 77 2532 ’
145 2521 231 2614 quid
259 2546 340 2591 vero
370 2527 489 2613 postea
517 2524 695 2591 facturus?
724 2524 817 2607 Quid
843 2527 1127 2614 exspectaturus?
1158 2523 1187 2590 F
1192 2529 1261 2590 utu·

145 2654 264 2698 ramne
288 2632 500 2722 ipsasperat
522 2633 673 2722 aliquam
696 2654 812 2698 rerum
838 2633 1124 2698 conversionem?
1150 2632 1263 2699 Nescit

145 2738 270 2804 Amata
289 2738 454 2827 prolecto.
478 2737 568 2806 Illud
588 2740 826 2806 tantummodo
846 2761 887 2805 10
906 2738 1070 2828 temporis
1091 2744 1262 2806 momento

146 2850 253 2934 optat,
276 2849 312 2911 ut
332 2845 425 2911 vivat
444 2845 591 2915 Turnus.
618 2873 634 2907 «
658 2845 747 2928 Quia
764 2869 846 2913 vero
866 2846 941 2928 scit,
963 2884 1007 2894 -
1022 2851 1059 2911 ut
1082 2850 1162 2935 apte
1183 2846 1262 2912 dicit

148 2949 300 3031 Servius,
322 2990 366 3000 —
384 2952 498 3017 virum
517 2953 641 3018 fortem
660 2975 757 3020 suam
777 2958 922 3019 mortem
940 2951 1040 3018 facile
1064 2974 1167 3042 posse
1188 2974 1263 3020 con-

145 3063 312 3141 temnere,
335 3058 485 3125 deterret
500 3082 579 3126 eum
594 3059 711 3130 dicens
732 3083 768 3126 se
784 3059 885 3127 simul
904 3061 1127 3140 morituram;
1149 3067 1189 3127 ut
1207 3061 1264 3149 qui

145 3165 338 3255 periculum
357 3187 425 3232 101
443 3167 551 3249 timet,
573 3165 736 3234 formidet
754 3167 919 3233 invidiam
942 3187 950 3235 ε
971 3195 986 3229 »

334 3359 389 3423 Qui
403 3363 566 3424 tecumque
582 3366 706 3414 manent
719 3362 777 3415 isto
791 3362 952 3417 certamine
966 3373 1062 3426 casus,

333 3445 363 3492 et
377 3453 434 3505 mc,
450 3440 555 3505 Turne,
572 3447 702 3494 manent.

147 3609 254 3679 Multo
275 3610 442 3698 majorem
462 3612 615 3700 prolecto
638 3613 706 3679 vim
731 3612 847 3697 hahet,
873 3614 1050 3703 multoque
1075 3615 1188 3701 magis
1218 3622 1267 3684 est

148 3715 191 3780 ad
231 3716 512 3806 persuadendum
550 3719 809 3786 accommodata
844 3720 989 3787 Amatae
1026 3722 1264 3804 oratiuncula,

147 3845 251 3912 quam
270 3822 442 3909 longiores
463 3830 497 3890 et
509 3825 724 3893 subinsulsae
738 3828 829 3893 senis
844 3826 979 3894 Latini³
995 3827 1266 3898 dehortationes.

180 4090 202 4139 1.
217 4091 285 4149 Aea.
304 4090 357 4152 Xll,
371 4091 401 4140 60
414 4106 467 4155 sqq.
482 4119 512 4128 -
527 4092 564 4144 ei.
578 4106 640 4156 quae
655 4092 790 4142 Couruoros
805 4093 830 4141 in
845 4093 909 4143 hunc
923 4095 1002 4144 locum
1014 4096 1157 4150 edisseruit.

178 4160 202 4209 2.
217 4162 347 4225 Perperam
362 4163 436 4225 igitur
452 4163 546 4213 Teucro
570 4163 669 4224 conjicit
688 4165 847 4224 Permirum
872 4178 950 4228 neque
974 4167 1060 4214 melius
1081 4167 1187 4236 Bnuorsr
1206 4169 1268 4222 Teu·

147 4233 200 4282 cris
215 4232 315 4280 honoris
332 4247 404 4282 causa
417 4235 508 4283 dictum
523 4238 600 4297 putat.
614 4261 645 4270 —
659 4234 732 4285 Recte
748 4236 885 4285 Corruorou
900 4237 963 4286 idern
983 4242 1041 4286 tunc
1057 4238 1138 4289 lacere
1156 4241 1267 4291 Latinum

148 4303 488 4425 aniamaqvertqqqldgqeaeque
502 4318 591 4354 nomen
605 4305 635 4356 ub
650 4307 760 4356 oratione
775 4322 818 4356 sun
832 4308 944 4358 consulto
958 4323 1050 4362 arcere.

196 4411 202 4425 .
241 4389 282 4428 ca.
345 4411 351 4437 ,
397 4412 402 4424 .
