2844 4928
418 260 421 267 '
512 278 609 325 enrur
634 280 767 326 rnruuu.
1139 264 1201 328 109

79 457 195 520 autem
221 475 300 520 cum
321 451 500 540 diligentia
520 475 658 521 omnem
681 456 736 521 vel
757 455 916 521 umbram
940 455 1109 522 emorisa
1137 454 1202 523 Ca-

77 560 174 627 milla
193 582 256 627 sua
264 559 440 647 Vergilius
460 562 635 645 averterit,
657 584 735 629 mox
754 562 961 630 videbimus.
984 560 1203 653 Quapropter

75 690 160 735 vera
184 689 260 734 esse
279 667 471 735 recentium
496 667 756 759 philologorum
778 669 916 736 videtur
937 670 1119 752 sententia,
1142 672 1204 760 qui

76 775 259 844 Camillam
277 797 298 842 a
316 775 457 844 Marone
478 776 522 843 ab
542 777 635 843 omni
654 783 752 867 parte
771 776 952 844 confictam
969 778 1199 848 existimaut¹.

125 990 259 1073 Quibus
280 1012 320 1056 ex
340 985 499 1057 omnibus
511 991 663 1082 perspici
681 995 796 1081 potest
812 990 976 1057 Aeneidis
989 990 1203 1058 conditorem

76 1098 290 1190 paricissima
307 1097 343 1164 in
360 1096 429 1163 illis
447 1099 604 1187 personis
624 1098 885 1180 adumbrandis,
907 1097 951 1164 de
971 1098 1097 1186 quibus
1112 1122 1202 1166 nunc

78 1207 205 1273 dicturi
225 1226 361 1286 sumuS,
393 1228 433 1270 ex
461 1205 503 1271 iis
531 1205 730 1272 auctoribus
760 1210 953 1271 mutuatum
980 1205 1086 1271 luisse
1114 1228 1202 1294 quos

78 1315 251 1395 novimus,
278 1313 444 1401 pauciora
463 1313 567 1378 etiam
595 1313 704 1379 multo
731 1335 771 1378 ex
798 1312 866 1377 illis
893 1335 979 1402 quos
1002 1314 1201 1398 ignoramus

77 1421 234 1510 potuisse
265 1419 428 1485 mutuari.
455 1417 582 1484 Utrum
611 1442 693 1485 vero
721 1419 878 1500 feliciter,
909 1442 1033 1501 necne,
1064 1418 1202 1486 illarum

78 1528 232 1618 speeiem
253 1549 292 1594 ae
307 1525 426 1593 'mores
443 1516 665 1616 expresserit,
693 1549 785 1593 nune
811 1526 1091 1593 consideraturus
1111 1548 1198 1611 sum,

59 1613 121 1702 loo
146 1635 275 1701 scilicet
295 1634 416 1700 ordine
443 1633 689 1723 dispositarum
711 1639 749 1700 ut
774 1633 951 1700 exordium
977 1629 1063 1700 mihi
1091 1633 1135 1700 sit
1157 1634 1201 1699 ab

76 1743 120 1812 iis
147 1742 283 1809 feminis
310 1763 399 1831 quae
418 1741 454 1807 in
473 1739 578 1807 rebus
597 1741 761 1808 Aeneidis
775 1741 969 1831 plurimum
989 1746 1201 1807 momentum
1235 1828 1236 1832 Ἰ

77 1848 244 1917 habeant.
326 1845 328 1848 ⁴

74 2102 143 2151 visse
160 2116 166 2150 :
181 2101 272 2150 citatur
288 2099 392 2162 Alcippe
410 2102 506 2162 praeter
522 2099 721 2146 consuetudinem
741 2112 824 2146 earum
839 2098 956 2159 ὀμόσασα
976 2099 1096 2164 παρθένος
1114 2097 1201 2161 διαμέ-

76 2193 126 2226 νειν
143 2173 234 2235 (Dion,
250 2172 290 2232 1V,
308 2171 356 2232 16).
375 2171 410 2219 Cl.
427 2185 490 2234 quae
508 2171 539 2218 de
554 2170 701 2218 Amazonum
719 2170 779 2218 salis
799 2170 931 2217 luxuriosis
950 2169 1095 2218 libidinibus
1110 2169 1200 2218 Eussn-

74 2261 143 2294 rruus
157 2244 231 2292 habet
245 2244 308 2306 (loco
323 2243 415 2304 citato).

108 2315 130 2365 1.
148 2318 285 2374 Wrssown,
300 2319 347 2364 art.
363 2312 485 2372 Camlllo,
501 2312 566 2375 apud
584 2312 707 2372 Roscium
723 2312 850 2374 l‘xrnnorn
867 2311 956 2377 Virqil,
973 2316 990 2361 t.
1002 2312 1032 2372 ll,
1043 2327 1066 2374 p.
1083 2311 1138 2371 352,
1152 2315 1198 2363 etc.
