2844 4928
513 317 611 363 error
634 282 769 362 nuruum.
1180 293 1201 359 9

80 496 153 562 sive
178 495 285 584 epicis
304 497 364 559 aut
383 493 518 580 lyricis,
550 492 622 556 sive
650 491 792 575 tragicis
816 488 1034 579 poematibus
1063 488 1203 554 haurire

78 604 115 668 in
136 598 364 687 excogitanda
383 597 648 666 Andromachae
673 619 754 664 suae
774 595 890 663 indole
914 597 1038 687 potuit.
1060 594 1204 662 Accedit

78 707 169 776 illud
188 709 347 798 insuper:
374 706 461 773 nihil
490 706 603 796 (sicuti
615 705 720 797 paulo
742 709 821 795 post
839 708 1092 789 monstraturus
1112 704 1201 793 sum)

78 815 185 897 nihil,
208 816 372 905 inquam,
402 836 509 901 grave
529 812 692 903 quodque
713 812 860 900 alicujus
886 813 931 878 sit
957 813 1135 889 momenti,
1160 812 1203 879 de

79 922 185 989 rebus
205 920 478 988 Andromacheis
498 922 534 986 in
552 919 697 1006 Vergilii
716 919 871 986 Aeneide
897 919 1089 1009 expositum
1114 940 1201 1000 esse,

82 1028 178 1119 quod
196 1052 265 1096 nou
282 1033 316 1094 et
334 1028 470 1094 duabus
490 1027 687 1117 Euripideis
706 1026 833 1093 fabulis
852 1027 945 1092 insit.
1257 1019 1260 1024 ’

126 1136 264 1228 Duplici
293 1137 401 1222 igitur
432 1135 602 1226 probatur
629 1139 835 1220 argumento
873 1156 1044 1222 nusquam
1080 1134 1147 1200 alio
1185 1156 1206 1200 a

80 1243 255 1331 Vergilio,
284 1240 565 1308 Andromacham
584 1241 821 1321 describente,
851 1238 1007 1307 subsidia
1024 1240 1080 1306 vel
1102 1262 1206 1330 quae-

81 1351 147 1417 sita
173 1350 297 1431 fuisse,
319 1348 374 1415 vel
394 1353 550 1439 reperta,
576 1370 680 1437 quam
704 1348 739 1412 in
759 1347 934 1437 Euripidis
957 1346 1062 1436 (quod
1086 1346 1207 1412 attinet

80 1457 127 1524 ad
150 1479 205 1523 res
229 1456 335 1547 ipsas)
360 1454 567 1542 tragoediis,
594 1460 653 1522 aut
675 1455 710 1520 in
730 1454 915 1520 Homerica
935 1453 1041 1544 (quod
1065 1455 1204 1534 attinet,

81 1569 119 1630 ut
139 1563 284 1654 posthac
304 1563 513 1646 videbimus,
535 1561 581 1628 ad
599 1561 863 1630 Andromachae
883 1561 1010 1651 mores)
1032 1561 1149 1628 Iliade.

631 1867 663 1933 ll

556 2081 597 2122 DE
618 2080 740 2123 DIDONE

129 2298 179 2367 De
199 2298 333 2367 Didone
353 2299 512 2366 breviore
532 2300 825 2367 demonstratione
845 2322 932 2390 opus
953 2306 1004 2365 est
1025 2304 1064 2366 ut
1091 2302 1208 2388 pateat

86 2407 155 2474 alia
182 2406 279 2474 nulla
307 2407 465 2497 exempla
491 2406 647 2494 Vergilio
672 2408 802 2474 utenda
831 2406 982 2475 adfuisse
1022 2408 1088 2473 nisi
1117 2428 1205 2496 quae

82 2536 147 2580 nos
165 2514 234 2605 ipsi
252 2502 343 2581 nunc
359 2520 538 2582 tenemus:
556 2515 632 2581 dico
653 2537 711 2582 eas
730 2515 893 2582 mulieres
913 2537 999 2605 quas
1019 2515 1204 2595 HomeruS,

81 2621 284 2712 Euripich,
315 2622 532 2712 Apollonius,
560 2623 762 2690 Theocritus
783 2628 817 2690 et
837 2622 991 2690 Catullus
1020 2622 1065 2689 ab
1091 2626 1205 2688 amato

80 2730 156 2795 viro
176 2728 358 2796 derelictas
380 2729 595 2797 effinxerunt.

127 2835 269 2902 Nullum
290 2838 381 2902 enim
401 2837 496 2928 apud
515 2839 675 2928 antiquos
701 2844 779 2905 ante
802 2838 997 2925 Vergilium
1016 2838 1121 2905 fuisse
1148 2838 1205 2903 vel

63 2944 254 3032 'tragicum
277 2943 320 3012 de
341 2940 474 3012 Didone
499 2947 554 3012 vel
581 2948 718 3036 epicum
744 2948 799 3013 vel
820 2947 968 3035 lyricum
990 2969 1145 3029 carmen,
1167 2944 1205 3011 id

79 3057 237 3119 veterum
275 3052 438 3120 Aeneidis
479 3059 787 3121 commentatorum
836 3055 972 3121 silentio
1010 3053 1203 3121 indubitate

79 3158 269 3244 significari
288 3160 373 3226 mihi
392 3161 511 3250 liquet.
527 3159 662 3252 Quippe
682 3162 781 3249 cujus
802 3164 917 3253 operis
936 3184 1063 3230 nomen
1081 3161 1204 3228 saltem

78 3287 121 3331 ae
140 3266 278 3333 titulum
297 3267 487 3335 doctissimi
506 3269 669 3336 Aeneidis
684 3271 902 3360 interpretes,
918 3269 1058 3338 Servius
1077 3291 1203 3360 nempe

78 3378 141 3439 aut
158 3371 367 3459 Macrobius,
390 3376 544 3466 prolecto
564 3377 799 3461 tradidissent,
822 3380 850 3445 si
870 3379 964 3468 quod
982 3379 1115 3446 fuisset.

124 3480 294 3548 Naevium
320 3505 402 3549 sane
423 3489 457 3550 et
473 3484 622 3551 Ennium
653 3485 695 3551 de
714 3485 848 3552 Didone
874 3487 1051 3576 scripsisse
1072 3486 1199 3575 aliqua,

76 3587 173 3655 hunc
190 3589 227 3655 in
237 3590 435 3656 'Annalium
452 3591 541 3657 libro
557 3593 686 3688 primo,
703 3593 801 3659 illum
821 3595 856 3659 in
875 3594 1084 3661 Punicorum
1104 3594 1202 3661 initio

76 3700 225 3762 constat.
237 3695 390 3785 Uterque
411 3699 514 3782 enim,
537 3699 684 3766 alterum
705 3701 814 3766 altero
834 3702 1002 3784 imitante,
1020 3701 1151 3768 Romae
1169 3706 1203 3766 et

76 3799 297 3889 Carthaginis
313 3830 328 3864 α
342 3807 660 3894 potentissimarum
671 3813 783 3875 aetate
798 3831 859 3875 sua
871 3808 1010 3875 urbium
1023 3815 1056 3875 ct
1065 3809 1203 3899 imperii

72 3909 294 3975 aemularum
319 3911 422 3977 simul
441 3913 648 3980 rettulerunt
668 3916 819 4000 exordia,
842 3915 1062 4006 originesque
1083 3916 1202 3982 amba-

72 4038 156 4084 rum
175 4017 291 4107 aliquo
312 4018 414 4085 modo
434 4020 525 4086 inter
544 4043 580 4087 se
601 4022 884 4109 conjunxerunt¹.
907 4021 1011 4089 »Sed
1030 4025 1130 4089 sicuti
1152 4047 1203 4090 rc-

13 4114 21 4121 *
70 4123 288 4192 cautioribus
304 4127 443 4210 criticis,
463 4130 613 4194 exactius
633 4130 722 4196 hanc
742 4153 817 4196 rem
838 4133 1009 4214 scrutatis
1028 4131 1123 4197 haud
1138 4132 1200 4198 im-

109 4372 131 4425 l.
151 4373 178 4426 L.
196 4373 318 4436 Murcum,
334 4376 403 4426 Errat
417 4381 443 4427 et
458 4378 539 4428 Nueoi
550 4379 689 4446 reliquiae,
705 4396 730 4445 p.
747 4395 886 4431 anu-xxm.
