2844 4928
228 315 271 383 ie
375 318 377 325 ’
651 341 758 393 ‚mns
780 341 898 390 rurum·

226 513 376 603 spatium
400 513 568 597 deesset',
589 514 625 580 in
649 515 859 605 explicandis
883 513 1026 580 Didonis
1055 513 1212 580 sensibus
1240 515 1352 605 paulo

226 621 305 708 plus
325 642 436 709 aequo
452 620 673 709 acquieverit.
1015 618 1021 626 ’

762 816 810 883 ΠΙ

158 1068 161 1075 ,
243 1028 285 1068 DE
305 1026 436 1071 DIDON'IS
455 1025 590 1071 INGENIO
610 1026 754 1080 DJUSQUE
775 1029 808 1070 IN
827 1028 961 1071 AENEAM
981 1027 1106 1074 Anionis
1124 1028 1327 1076 ORIGINIBUS.

270 1227 405 1309 Quanta
424 1233 540 1295 autem
555 1242 630 1293 cum
648 1225 827 1313 diligentia
842 1227 1016 1315 Vergilius
1026 1231 1177 1297 *amantis
1193 1232 1352 1299 mulieris

226 1337 378 1402 animum
399 1336 577 1414 altissime,
600 1339 637 1400 ut
655 1334 702 1400 ita
717 1334 846 1423 dicam,
866 1336 1007 1402 rimatus
1027 1338 1071 1402 sit
1090 1342 1193 1427 atque
1208 1341 1351 1428 penitus

227 1441 393 1526 effoderit,
415 1443 641 1532 introspicere
662 1463 771 1530 usque
790 1464 1053 1532 persequamur.
1203 1512 1204 1515 ,

269 1550 425 1649 Ppimum
444 1554 559 1615 autem
579 1547 747 1639 patefiunt
766 1548 865 1642 nohis
881 1571 921 1615 ea
937 1551 1052 1616 omnia
1067 1574 1155 1640 quae
1175 1552 1351 1619 Didonem

226 1656 270 1723 ἃᾶ
289 1656 442 1722 Aeneam
462 1655 648 1721 amandum
667 1656 856 1745 proclivem
874 1656 1017 1723 iecerint
1038 1678 1045 1719 :
1067 1658 1114 1723 ita
1133 1668 1276 1748 prorsus
1294 1661 1351 1726 vel

222 1764 295 1851 jam
315 1764 350 1829 in
370 1762 483 1828 medio
504 1763 616 1851 primo
635 1761 725 1827 libro
745 1764 900 1852 exposita
923 1771 961 1830 ut
983 1764 1083 1830 nohis
1103 1787 1216 1834 mores
1242 1772 1349 1856 atque

224 1870 358 1936 indoles
386 1869 530 1936 Didonis
556 1871 652 1958 prius
671 1870 774 1935 etiam
793 1876 975 1960 perspecta
995 1873 1062 1937 sint
1077 1894 1181 1960 quam
1200 1874 1236 1938 in
1253 1895 1349 1940 scae-

225 1999 305 2044 nam
324 1979 445 2063 regina
463 1978 539 2066 ipsa
558 1976 715 2067 prodeat.
904 2058 905 2063 ἵ

270 2085 357 2150 Nam
376 2107 394 2150 e
415 2083 558 2151 Veneris
578 2083 623 2150 ad
642 2084 751 2150 filium
773 2084 886 2150 verbis
907 2086 1150 2174 comperimus,
1172 2075 1368 2154 Didonem

224 2191 269 2259 ad
288 2191 473 2256 amandum
492 2193 615 2256 natura
635 2212 709 2260 esse
726 2213 883 2280 pronam.
900 2190 1092 2279 Sychaeum
1107 2194 1198 2259 enim
1219 2216 1350 2280 magno

225 2297 393 2384 diligebat
407 2318 536 2381 amore,
558 2298 666 2388 multo
686 2297 858 2364 desiderio
874 2304 1057 2388 prosecuta
1073 2307 1136 2367 est.
1156 2299 1258 2381 Quod
1272 2303 1351 2390 qui-

225 2404 303 2470 dem
334 2410 372 2470 ut
400 2409 517 2495 aperte
547 2427 586 2471 ac
606 2405 763 2474 distincte
790 2405 1013 2490 significetur,
1036 2407 1249 2491 singularem
1272 2410 1349 2476 sine

224 2510 330 2578 dubio
350 2517 453 2602 poeta
471 2513 628 2578 consulto
648 2511 743 2578 dedit
761 2512 925 2601 operam²
948 2539 955 2581 :

379 2710 454 2762 Huic
468 2708 577 2772 conjux
593 2706 740 2771 Sychaeus
755 2711 848 2760 erat...

450 2803 549 2852 moeno
563 2788 689 2840 miserae
703 2787 812 2837 dilectus
825 2801 924 2837 amore.

657 2868 708 2920 Ille
722 2869 884 2932 Sychaeum

379 2951 460 3002 Clam
475 2950 549 3001 ferro
567 2949 720 3000 incautum
735 2951 864 3012 superat,
881 2959 1002 2999 securus
1017 2962 1143 2998 amos-om

380 3034 558 3093 Germanae;
574 3030 745 3094 laetumque
762 3028 810 3077 diu
825 3028 927 3086 celavit,
938 3033 968 3080 et
984 3043 1096 3092 aceram

342 3142 345 3149 ,
380 3111 467 3161 Multa
479 3111 576 3163 malus
589 3111 729 3167 simulans,
748 3124 816 3158 uana
830 3123 877 3173 spe
892 3109 953 3159 lesit
967 3115 1112 3160 amantem.
1145 3100 1147 3104 Α

270 3274 363 3340 Nihil
389 3298 456 3341 non
483 3274 537 3341 his
564 3277 601 3341 in
625 3277 782 3342 versibus
806 3279 904 3344 nobis
937 3284 1104 3346 monstrat
1129 3285 1258 3368 quanto
1282 3277 1348 3348 de-

225 3403 339 3448 mersa
356 3382 450 3447 luctu
464 3382 567 3448 fuerit
585 3382 685 3464 Did0,
708 3382 795 3449 adeo
814 3390 852 3478 ut
871 3390 905 3451 et
927 3387 1000 3475 ipse
1015 3386 1194 3473 Pygmalio
1215 3386 1350 3454 crebris

226 3492 260 3553 et
284 3489 483 3574 excogitatis
513 3489 700 3555 mendaciis
728 3491 803 3577 ejus
832 3492 986 3558 dolorem
1009 3493 1129 3558 fallere
1154 3499 1188 3559 et
1207 3495 1349 3582 placare

224 3594 328 3661 fuerit
347 3601 496 3662 coactus.

271 3698 346 3782 Qu'o
366 3709 482 3768 autem
501 3703 616 3784 modo,
636 3705 740 3770 occisi
755 3704 912 3792 conjugis
932 3706 1056 3771 certior
1074 3706 1175 3789 facta,
1200 3707 1348 3797 ejusque

257 3896 280 3944 1.
298 3895 364 3944 Nihil
377 3898 475 3947 videtur
494 3898 624 3959 prohibere
638 3900 695 3961 quin
710 3900 839 3948 credamus
854 3900 879 3947 in
895 3899 979 3962 primis
1001 3900 1075 3948 luisse
1095 3900 1256 3962 compositum
1272 3914 1349 3963 quar-

225 3971 274 4015 tum
300 3967 417 4015 Aeneidis
434 3968 531 4019 librum.
549 3968 584 4017 Cl.
602 3969 712 4029 itionem,
728 3969 921 4034 Prolepomena,
938 3985 961 4032 p.
979 3968 1024 4030 59;
1040 3970 1176 4022 Suessorsu.
1198 3969 1278 4019 sinui
1292 3974 1348 4020 cri-

227 4039 281 4086 tici.
300 4057 312 4082 u
330 4038 456 4086 Perfectus
472 4058 483 4083 n
498 4039 582 4088 saltem
599 4041 722 4102 inprimis
738 4041 781 4088 luit
795 4055 849 4089 cum
871 4041 978 4090 secundo
1002 4046 1126 4104 sextoque.
1143 4042 1265 4105 (Sunion,
1287 4043 1348 4093 Vita

230 4109 313 4172 Very„
325 4109 377 4172 31.)

257 4181 280 4231 2.
297 4181 372 4239 Aere,
386 4181 405 4241 Ι,
418 4181 465 4231 342
479 4198 531 4246 sqq.
549 4183 590 4232 Sic
605 4183 650 4233 hos
662 4198 747 4232 versus
761 4184 935 4246 iuterpretatur
950 4185 978 4233 P.
995 4184 1098 4241 (lernou,
1113 4205 1124 4230 ιι
1140 4185 1227 4234 Didon
1241 4189 1282 4235 est
1296 4201 1348 4236 eo:-

228 4252 307 4300 treme
327 4253 394 4302 dous
416 4268 456 4301 ses
479 4253 680 4304 attachemeots.
702 4255 858 4319 lorsqu'elte
880 4259 918 4304 esi
938 4271 1029 4305 encore
1049 4257 1146 4319 ΜΨ,
1170 4256 1347 4308 l'iucliaation

227 4322 322 4386 qu'elle
332 4339 348 4374 α
360 4339 430 4388 pour
444 4325 534 4375 Sieliee
549 4325 591 4376 e'u
603 4327 678 4389 point
693 4326 724 4375 de
738 4326 836 4376 limites
843 4345 853 4384 ,·
872 4327 922 4377 elle
939 4331 976 4377 est
991 4325 1111 4386 oidteute,
1125 4327 1174 4377 elle
1189 4333 1227 4377 est
1242 4344 1348 4394 empor-

228 4395 274 4453 te'e,
291 4394 341 4443 elle
355 4410 386 4445 vo
397 4395 508 4460 jusqu'd
524 4396 549 4445 lu
565 4398 658 4446 rendre
673 4397 875 4448 malleacense:
891 4414 978 4463 magno
993 4400 1096 4447 miserae
1110 4400 1214 4448 dilectus
1227 4415 1318 4451 amore.
1334 4422 1346 4449 »
