2844 4928
166 289 209 362 68
328 316 330 323 ¹
620 317 697 363 rans
721 317 825 364 ratoa.

163 490 213 557 ita
242 495 279 556 ut
308 490 487 556 etiamtum
519 491 665 576 legitimi
694 492 788 580 apud
821 493 994 560 Romanos
1031 491 1174 560 conubii
1208 515 1285 560 con-

163 603 281 666 suetae
300 597 528 664 caerimoniae
549 598 805 689 quodammodo
819 600 1054 690 perficiantur,
1071 595 1178 668 sicuti
1197 607 1284 669 recte

165 704 406 772 animadvertit
437 704 658 788 Lerschius¹3
698 706 790 773 unde
824 707 862 772 fit
895 693 933 772 ut
958 707 1115 774 confiteri
1144 715 1284 796 cogatur

163 812 394 899 rigidissimus
423 813 569 902 quisque
594 835 715 879 censor
741 837 811 880 non
839 813 926 880 adeo
957 814 1023 880 sihi
1050 815 1119 905 ipsi
1148 818 1284 885 mentiri

163 919 345 1003 Didonem,
372 918 510 1009 quando
529 920 616 986 illud
636 920 775 1010 culpam
794 923 972 989 nominare
992 918 1063 989 non
1075 925 1153 990 vult
1170 926 1283 1014 conju·

162 1026 325 1117 picemque
350 1031 460 1108 vocat,
490 1027 551 1093 sed
570 1028 685 1118 specie
715 1028 865 1118 quadam
894 1029 968 1095 veri
991 1022 1137 1120 decipit
1173 1058 1190 1093 a
1213 1031 1282 1099 Cul-

164 1157 228 1224 pae
251 1161 266 1196 »
288 1135 392 1219 enim,
410 1136 438 1201 si
457 1157 528 1224 qua
546 1139 609 1218 est,
627 1136 781 1202 conscios
801 1141 835 1203 et
854 1136 1047 1206 hortatores
1068 1142 1102 1204 et
1120 1143 1281 1228 patronos

162 1241 283 1324 videri,
311 1243 339 1308 si
362 1264 430 1309 non
451 1264 540 1326 esse,
561 1241 651 1312 Deos
668 1242 842 1330 Vergilius
862 1244 982 1325 voluit,
1004 1249 1042 1310 ut
1060 1249 1156 1312 tanto
1177 1248 1280 1334 magis

165 1377 180 1410 «
201 1349 319 1415 infelix
341 1375 357 1411 a
383 1349 512 1415 lamina
531 1355 763 1418 excusaretur.
791 1351 867 1432 Quo
892 1356 1007 1417 autem
1037 1374 1078 1444 en
1103 1352 1197 1435 loco,
1227 1354 1280 1420 uhi

139 1492 140 1495 π
162 1455 313 1523 Deorum
333 1477 461 1522 numen
480 1456 653 1546 interponi
672 1457 760 1523 nihil
780 1458 934 1547 prodest,
954 1458 1019 1524 nisi
1039 1459 1084 1524 ad
1103 1458 1281 1527 absolven-

162 1562 242 1630 dam
263 1562 519 1653 quodammodo
539 1563 721 1646 Didonem,
743 1563 888 1650 Vergilii
909 1586 993 1651 erga
1006 1565 1102 1632 illam
1117 1573 1279 1657 paternus

162 1671 261 1760 quasi
280 1693 378 1738 amor
395 1671 568 1762 tacitaque
588 1671 840 1754 misericordia,
863 1673 897 1738 ni
916 1673 1028 1757 fallor,
1050 1672 1179 1742 iterum
1200 1677 1280 1744 emi·
1322 1718 1324 1729 ·

80 1780 82 1783 ’
160 1779 250 1846 neti

697 1926 747 2042 m

161 2174 209 2230 Da
224 2173 419 2230 Assaracon
435 2187 502 2230 rau
523 2186 677 2229 ntvmmM
695 2184 850 2230 nncnnns
865 2187 926 2230 aaa
949 2185 987 2229 sa
1011 2185 1111 2230 rrsnu
1125 2187 1280 2231 Mannum:

197 2277 288 2331 onan
301 2277 427 2320 ussum
437 2275 534 2320 sanan
545 2254 658 2320 morus
669 2275 734 2319 nsr.
747 2261 814 2320 Coa
824 2277 932 2319 ranan
942 2274 1028 2319 Anao
1044 2275 1245 2333 marmeians.

204 2493 278 2576 Quo
297 2517 379 2562 vero
398 2494 551 2562 feliciore
578 2517 656 2562 cum
685 2494 863 2580 diligentia
888 2515 908 2559 a
934 2493 1089 2581 Vergilio
1118 2492 1280 2563 demons-

156 2606 267 2669 tratur
293 2605 328 2668 in
348 2603 601 2692 penitissimum
630 2601 772 2668 Didonis
799 2600 952 2667 animum
976 2599 1160 2670 defluxisse
1180 2594 1278 2671 amd-

153 2730 227 2776 rem
265 2710 413 2800 imisque
450 2711 486 2776 in
526 2709 738 2798 praecordiis
774 2707 924 2773 defixum
962 2706 1149 2790 insedisse,
1181 2714 1279 2778 tanto

153 2817 263 2902 magis
282 2816 490 2905 injucundus
511 2822 562 2883 est
574 2817 735 2882 immotus
755 2815 813 2881 ille
833 2837 872 2881 ac
891 2815 1021 2901 frigens
1040 2817 1179 2882 Aeneae
1199 2840 1278 2885 eam

152 2923 423 3015 derelinquentis
442 2925 548 3012 rigor.
1091 3014 1093 3019 Ι

196 3029 271 3097 Non
298 3030 394 3123 quod
420 3031 575 3122 profecto
603 3030 853 3122 vituperandus
874 3030 936 3111 sit,
969 3030 1058 3097 sicut
1083 3031 1275 3121 aliquando

180 3243 202 3292 1.
228 3243 409 3308 Antiquitotes
434 3258 572 3303 romanoe,
593 3258 618 3306 p.
640 3243 747 3294 ast-ass
770 3259 776 3291 z
799 3262 811 3288 «
836 3242 910 3306 Virgo
936 3257 990 3291 cum
1010 3243 1187 3303 deduceretur,
1211 3248 1277 3295 testa

152 3315 238 3365 Paullo
252 3330 284 3364 ex
297 3315 368 3364 Festo
385 3330 391 3364 :
406 3315 493 3379 facem
510 3316 641 3378 innuptiis
657 3317 682 3364 in
698 3316 813 3365 honorem
830 3315 925 3364 Cereris
939 3314 1140 3378 praeferebant...
1157 3315 1196 3363 Ad
1210 3331 1275 3382 quos

149 3387 214 3438 ritus
229 3387 282 3436 sine
297 3386 373 3436 dubio
388 3390 482 3449 spectat
497 3391 569 3449 poeta
583 3386 633 3450 (IV,
650 3386 765 3450 lot-468)
781 3402 787 3435 ι

518 3515 530 3545 r
546 3503 639 3547 Fulsere
650 3504 713 3560 ignes
723 3508 745 3546 et
754 3504 857 3548 conscius
869 3502 945 3546 aether

376 3566 517 3612 conubiis...
533 3579 664 3623 summoque
674 3567 790 3611 ulularunt
804 3566 887 3610 vertice
902 3566 1046 3620 Nymphaea

179 3695 191 3720 a
208 3674 361 3726 Canehantur
375 3676 447 3725 etiam
462 3677 569 3726 carmina
584 3677 724 3726 fescennina
737 3680 792 3726 ante
808 3677 881 3739 lores,
893 3691 956 3740 quae
967 3682 1065 3740 tangere
1074 3677 1174 3725 videtur
1189 3681 1273 3739 poeta,

147 3747 186 3807 tv,
201 3745 257 3799 468.
275 3765 287 3791 »
302 3747 423 3811 Nequihat
437 3749 556 3811 profecto,
573 3751 598 3796 ut
615 3748 685 3796 docte
697 3749 840 3809 pronuntiat
855 3749 1010 3810 Pascuntur,
1023 3768 1035 3794 c
1052 3747 1183 3797 conubium
1197 3749 1273 3810 plane

146 3818 310 3882 legitimum...
327 3819 352 3868 in
367 3820 484 3883 spelunca
498 3819 608 3868 contrahi
626 3832 651 3879 »3
671 3817 792 3882 Vergilius
808 3824 888 3868 tamen
902 3835 947 3868 nos
964 3820 1058 3869 inducit
1072 3819 1103 3868 ad
1118 3818 1273 3870 credendum

144 3903 174 3938 ea
187 3894 246 3938 tunc
267 3891 337 3953 signa
358 3891 480 3950 adfuisse,
502 3905 564 3954 quae
586 3890 781 3953 superstitiosam
804 3895 907 3940 mentem
927 3892 952 3939 in
974 3905 1082 3941 errorem
1103 3889 1272 3953 gratissimum

145 3960 263 4023 pellicere
277 3966 387 4024 possent,
403 3961 475 4011 fldem
492 3962 605 4011 facientia
619 3961 681 4010 illud
698 3974 747 4010 non
761 3963 814 4011 sine
829 3963 926 4011 numine
941 3963 1046 4012 Deorum
1064 3966 1088 4010 et
1107 3963 1272 4013 consensione

145 4033 208 4083 ficri.

176 4105 200 4154 2.
219 4104 263 4157 Cui
278 4104 375 4168 quidem
389 4105 461 4154 liceat
475 4105 568 4155 dixisse
581 4105 648 4170 quod
662 4106 730 4170 apud
744 4105 847 4156 Ovtmuu
861 4107 986 4170 (Heroid,
1002 4121 1037 4164 vr,
1053 4105 1093 4168 43)
1112 4121 1118 4155 :
1205 4169 1208 4172 ῃ
1299 4123 1302 4127 ·

385 4221 433 4328 pipp
443 4233 483 4277 ego
495 4235 545 4266 sum
555 4223 631 4266 furtim
642 4222 682 4266 tibi
696 4224 795 4279 cognita;
809 4223 908 4279 pronuba
922 4224 977 4266 luno

431 4287 472 4328 uit.

172 4391 196 4442 3.
214 4391 250 4443 Cf.
264 4396 362 4457 argutas
376 4393 406 4444 de
423 4394 469 4444 hoc
484 4395 669 4444 observationes
684 4396 751 4463 apud
766 4395 860 4456 char,
876 4394 1015 4453 Aeaciden,
1032 4394 1061 4453 ll,
1079 4409 1102 4457 p.
1120 4391 1174 4443 590.
