2844 4928
482 359 580 407 orror
605 360 755 407 rnarruu.
1082 402 1084 407 ,
1138 336 1181 404 93

58 539 149 601 totos
170 533 356 616 aboleret¹‚
389 539 448 600 aut
468 539 546 635 tam
569 534 671 602 facile
700 537 902 624 etrepente
931 538 1179 622 compesceret,

57 662 164 733 quam
183 641 217 707 in
238 640 350 731 primo
369 641 532 711 Aeneidis
551 641 641 708 libro
659 640 822 732 luppiter

312 873 385 888 ......
402 835 482 889 dicto
496 836 594 901 citius,
611 835 727 890 tumida
743 847 870 901 aequora
884 833 981 900 placat

277 912 370 969 <et>
384 914 510 962 cunctus
524 909 625 978 pelagi
639 908 748 962 cecidit
761 908 867 972 fragor.

56 1080 220 1148 Perstant
240 1102 323 1167 ergo
342 1079 449 1147 iidem
470 1085 551 1148 tunc
571 1081 674 1148 etiam
693 1081 731 1147 in
749 1078 892 1146 Didonis
911 1082 1026 1145 mente
1047 1099 1180 1160 sensus,

57 1227 104 1239 -
134 1186 251 1277 (idque
279 1192 423 1255 naturae
451 1210 595 1278 prorsus
624 1209 814 1255 consonum
848 1185 932 1275 est);
962 1225 1007 1235 —
1036 1185 1185 1272 mitigati

58 1295 144 1362 vero
171 1297 413 1385 extenuatique
442 1299 621 1385 perstant;
652 1300 686 1362 et
712 1295 741 1362 si
767 1317 838 1361 non
862 1293 1002 1360 omnino
1027 1292 1181 1383 placida,

56 1407 182 1492 pacata
201 1400 325 1468 saltem
344 1401 432 1468 Dido
452 1401 495 1468 de
515 1402 586 1468 vita
604 1400 790 1469 decessura
810 1406 872 1467 est.

105 1508 206 1591 Quod
225 1530 351 1597 nempe
370 1513 408 1574 ut
428 1529 533 1598 quam
551 1508 699 1575 maxime
723 1507 784 1574 fiat
811 1507 959 1597 talisque
980 1528 1054 1573 esse
1074 1527 1184 1596 appa-

56 1621 134 1684 reat
148 1615 327 1683 morientis
343 1616 483 1701 reginae
504 1614 608 1682 animi
628 1614 780 1696 habitus,
803 1618 946 1704 propter
963 1612 1043 1696 hoc,
1064 1611 1181 1694 credo,

57 1728 164 1815 poeta
177 1723 285 1790 voluit
305 1723 443 1796 omnino
464 1722 508 1788 ad
527 1727 743 1812 postremum
761 1721 941 1788 evanidam
957 1724 1069 1788 tacere
1087 1720 1185 1786 illam

57 1831 203 1900 admissi
232 1852 317 1917 erga
350 1828 546 1919 Sychaeum
572 1829 720 1919 perjurii
753 1828 1014 1909 conscientiam,
1047 1849 1118 1918 qua
1151 1832 1185 1894 et

56 1938 174 2020 initio,
202 1943 236 2006 et
259 1939 295 2004 in
316 1937 431 2004 media
449 1937 564 2027 quarti
582 1937 687 2024 hujus
706 1935 787 2003 libri
808 1935 941 2027 parte²‚
965 1934 1184 2002 sollicitatam

57 2044 233 2113 Didonem
252 2044 414 2114 vidimus.

105 2153 202 2221 Hanc
223 2159 340 2220 autern
364 2151 506 2220 admissi
532 2151 715 2239 cujusdam
739 2150 911 2218 malefacti
939 2149 1184 2218 conscientiam

59 2260 93 2328 ei
121 2281 199 2328 cum
227 2260 447 2343 attribueret,
471 2258 664 2346 Vergilius,
689 2259 812 2342 fateor,
842 2258 1054 2349 sequebatur
1079 2256 1186 2346 Apol-

58 2368 192 2435 lonium
222 2368 316 2459 apud
346 2388 450 2458 quem
478 2367 601 2437 Medea
629 2388 665 2436 se
688 2367 802 2457 ipsam
824 2366 940 2454 arguit
963 2364 1069 2457 quod,
1105 2385 1184 2432 cum

58 2475 224 2547 Jascnem
244 2475 419 2563 adjuverit
438 2478 472 2541 et
491 2475 669 2557 amaverit,

323 2670 354 2730 οὐ
371 2668 445 2730 κατὰ
461 2667 579 2749 κόσμον,
596 2671 733 2755 ἀναιδήτῳ
747 2669 835 2743 ἰότητι

58 2859 222 2950 impulsa,
238 2861 381 2946 egerit⁸.
405 2859 474 2927 Sed
492 2861 527 2927 in
546 2860 613 2927 hoc
632 2860 675 2926 ab
695 2859 879 2949 Apollonio
894 2857 1040 2926 discedit
1053 2863 1182 2942 noster,

92 3101 116 3152 1.
135 3101 291 3151 Manifestios
306 3101 378 3151 etiam
402 3101 428 3150 in
452 3104 523 3150 sexto
543 3099 662 3150 Aeneidis
684 3099 748 3149 libro
764 3099 888 3164 (450-171)
900 3114 980 3148 novos
994 3100 1118 3150 iiieanimi
1132 3100 1185 3163 ejus
1288 3122 1291 3129 ·

12 3227 15 3233 ,
60 3174 161 3224 babitus
186 3173 323 3237 apparebit.
345 3173 392 3222 Ubi
407 3173 471 3221 enim
486 3172 590 3235 primum
604 3171 702 3220 Aeneae
717 3170 781 3219 Dido
795 3171 823 3220 nt
836 3171 922 3230 obvia,
939 3172 965 3220 in
978 3172 1053 3220 breve
1068 3171 1185 3234 temporis

60 3245 168 3309 spatium
183 3245 302 3307 pristinae
325 3245 375 3294 irae
390 3245 459 3308 quasi
475 3243 596 3293 scintillae
610 3244 730 3306 quaedam
745 3243 864 3292 excitatae
879 3244 1021 3292 refoventur
1036 3242 1186 3306 (ardentem

58 3319 86 3366 et
105 3319 181 3366 toruo
197 3316 337 3380 tuentem);
353 3331 410 3365 mox
424 3330 484 3364 vero
500 3334 512 3360 «
528 3315 596 3379 fluor
612 3312 702 3364 oculos
714 3328 807 3364 averso
822 3316 912 3364 tenens
927 3333 939 3360 »
959 3315 1077 3378 vultuque
1090 3312 1183 3378 rigido,

61 3402 118 3437 sese
131 3389 232 3451 corripit
246 3392 318 3451 atque
333 3407 345 3433 u
362 3388 471 3438 inimica
485 3406 497 3432 u
510 3388 536 3436 in
550 3401 635 3436 nemus
650 3386 748 3451 refugit.
764 3385 874 3436 Necdum
891 3386 969 3450 magis
988 3386 1013 3434 in
1031 3384 1184 3449 praecordiis

59 3464 120 3509 tnnc
134 3459 252 3523 temporis
265 3463 376 3509 movetur
390 3459 432 3508 illa

272 3585 341 3631 quam
355 3574 376 3618 si
389 3574 446 3618 dura
457 3573 513 3618 silex
525 3579 563 3618 aut
575 3577 620 3639 stat
631 3571 743 3628 Marpesia
755 3577 839 3619 cautu.

57 3681 176 3733 Nonnihil
190 3684 357 3734 tantummodo
372 3683 434 3744 odii,
448 3683 538 3732 multus
554 3684 666 3745 superest
679 3685 841 3743 contemptus.

90 3754 115 3805 2.
132 3753 173 3814 lV,
187 3754 226 3815 19,
241 3750 357 3814 321-322,
373 3753 428 3815 att,
444 3753 500 3813 550,
515 3754 570 3813 552,
584 3752 640 3803 596.

90 3825 115 3875 3.
132 3825 240 3892 Arqon„
253 3825 295 3886 lv,
312 3825 367 3878 360.
384 3825 420 3877 Cf.
435 3824 562 3875 aot-368:

468 3961 532 3993 κατα
547 3937 662 3995 δὀὗλοὸν
678 3938 768 4006 αἶσχος
784 3940 859 4007 ἔχευα

404 4015 556 4079 θηλυτέραις.

59 4131 222 4183 Catullianam
242 4146 302 4181 vero
316 4131 450 4180 Ariadnam
463 4131 532 4180 nulia
550 4130 616 4179 subit
630 4130 793 4194 poenitentia,
808 4143 855 4178 nec
868 4130 990 4179 tantillum
1008 4145 1034 4180 se
1049 4134 1117 4194 putat
1132 4143 1186 4178 esse

57 4208 162 4253 sontem.
180 4202 216 4252 Ci.
234 4202 322 4263 Gerar,
338 4193 424 4252 Etude
437 4217 486 4252 sur
501 4200 615 4262 Catulle,
631 4217 656 4264 p.
671 4201 726 4253 324.
738 4227 769 4238 -
784 4201 870 4250 Diilert
885 4202 959 4264 igitur
975 4204 1006 4251 ab
1022 4203 1186 4266 Apolloniana

59 4274 149 4325 Medea
169 4273 232 4324 Dido
255 4275 322 4338 quod
341 4275 441 4324 Medeae
457 4274 608 4335 conscientia
622 4274 661 4321 vei
681 4274 705 4322 in
721 4272 811 4321 amoris
824 4273 893 4321 initio
909 4274 1064 4322 vehementer
1078 4273 1184 4335 angitur.

59 4349 153 4395 maeret
168 4360 197 4394 ac
213 4346 381 4403 remordetur;
398 4344 478 4394 diiiert
489 4349 567 4393 autem
578 4345 608 4393 ab
621 4345 728 4392 Ariadna
738 4358 810 4406 qoam
821 4343 931 4392 (intuitos
946 4344 1109 4403 adumbravit,
1121 4344 1186 4406 quod

61 4417 188 4467 Ariadnae
202 4418 277 4467 animi
291 4431 414 4481 nunquam
433 4415 605 4480 interpellatur
617 4416 793 4479 tranquillitas.
805 4414 870 4464 Dido
883 4420 973 4473 autem,
989 4416 1087 4479 quando
1105 4428 1187 4466 amare
