<?xml version="1.0" encoding="UTF-8"?>
<!DOCTYPE html PUBLIC "-//W3C//DTD XHTML 1.0 Transitional//EN"
    "http://www.w3.org/TR/xhtml1/DTD/xhtml1-transitional.dtd">
<html xmlns="http://www.w3.org/1999/xhtml" xml:lang="en" lang="en">
 <head>
  <title>
</title>
<meta http-equiv="Content-Type" content="text/html;charset=utf-8" />
  <meta name='ocr-system' content='tesseract 3.04.00' />
  <meta name='ocr-capabilities' content='ocr_page ocr_carea ocr_par ocr_line ocrx_word'/>
</head>
<body>
  <div class='ocr_page' id='page_1' title='image "./devergilioininf00rbgoog_0176.png"; bbox 0 0 2844 4928; ppageno 0'>
   <div class='ocr_carea' id='block_1_1' title="bbox 153 963 1276 1155">
    <p class='ocr_par' dir='ltr' id='par_1_1' title="bbox 153 963 1276 1155">
     <span class='ocr_line' id='line_1_1' title="bbox 198 963 1276 1054; baseline -0.001 -23"><span class='ocrx_word' id='word_1_1' title='bbox 198 963 293 1045; x_wconf 84' lang='lat' dir='ltr'><strong>Quae</strong></span> <span class='ocrx_word' id='word_1_2' title='bbox 313 966 420 1052; x_wconf 86' lang='lat' dir='ltr'><strong>igitur</strong></span> <span class='ocrx_word' id='word_1_3' title='bbox 439 987 479 1031; x_wconf 87' lang='lat' dir='ltr'><strong>ex</strong></span> <span class='ocrx_word' id='word_1_4' title='bbox 498 965 564 1032; x_wconf 87' lang='lat' dir='ltr'><strong>hac</strong></span> <span class='ocrx_word' id='word_1_5' title='bbox 587 966 851 1052; x_wconf 79' lang='lat' dir='ltr'><strong>investigatione</strong></span> <span class='ocrx_word' id='word_1_6' title='bbox 875 966 955 1054; x_wconf 84' lang='lat' dir='ltr'><strong>jure</strong></span> <span class='ocrx_word' id='word_1_7' title='bbox 987 964 1085 1053; x_wconf 92' lang='lat' dir='ltr'><strong>sequi</strong></span> <span class='ocrx_word' id='word_1_8' title='bbox 1112 965 1198 1031; x_wconf 92' lang='lat' dir='ltr'><strong>mihi</strong></span> <span class='ocrx_word' id='word_1_9' title='bbox 1224 966 1276 1031; x_wconf 89' lang='lat' dir='ltr'><strong>vi-</strong></span> 
     </span>
     <span class='ocr_line' id='line_1_2' title="bbox 153 1072 499 1155; baseline 0.003 -16"><span class='ocrx_word' id='word_1_10' title='bbox 153 1072 290 1155; x_wconf 89' lang='lat' dir='ltr'><strong>dentur,</strong></span> <span class='ocrx_word' id='word_1_11' title='bbox 311 1072 372 1140; x_wconf 91' lang='lat' dir='ltr'><strong>illa</strong></span> <span class='ocrx_word' id='word_1_12' title='bbox 392 1081 471 1140; x_wconf 90' lang='lat' dir='ltr'><strong>sunt</strong></span> <span class='ocrx_word' id='word_1_13' title='bbox 491 1090 499 1140; x_wconf 88' lang='lat'>:</span> 
     </span>
    </p>
   </div>
   <div class='ocr_carea' id='block_1_2' title="bbox 706 1215 722 1282">
    <p class='ocr_par' dir='ltr' id='par_1_2' title="bbox 706 1215 722 1282">
     <span class='ocr_line' id='line_1_3' title="bbox 706 1215 722 1282; baseline 0 0"><span class='ocrx_word' id='word_1_14' title='bbox 706 1215 722 1282; x_wconf 96' lang='lat' dir='ltr'><strong>l</strong></span> 
     </span>
    </p>
   </div>
   <div class='ocr_carea' id='block_1_3' title="bbox 145 1409 1279 4284">
    <p class='ocr_par' dir='ltr' id='par_1_3' title="bbox 150 1409 1279 2783">
     <span class='ocr_line' id='line_1_4' title="bbox 200 1409 1277 1495; baseline 0 -18"><span class='ocrx_word' id='word_1_15' title='bbox 200 1411 317 1477; x_wconf 91' lang='lat' dir='ltr'><strong>Primo</strong></span> <span class='ocrx_word' id='word_1_16' title='bbox 334 1409 374 1477; x_wconf 87' lang='lat' dir='ltr'><strong>de</strong></span> <span class='ocrx_word' id='word_1_17' title='bbox 393 1409 636 1478; x_wconf 76' lang='lat' dir='ltr'><strong>Andromacha</strong></span> <span class='ocrx_word' id='word_1_18' title='bbox 656 1423 689 1478; x_wconf 84' lang='lat' dir='ltr'><strong>et</strong></span> <span class='ocrx_word' id='word_1_19' title='bbox 709 1410 749 1478; x_wconf 85' lang='lat' dir='ltr'><strong>de</strong></span> <span class='ocrx_word' id='word_1_20' title='bbox 766 1409 912 1495; x_wconf 81' lang='lat' dir='ltr'><strong>Didone,</strong></span> <span class='ocrx_word' id='word_1_21' title='bbox 932 1410 1059 1477; x_wconf 79' lang='lat' dir='ltr'><strong>falsum</strong></span> <span class='ocrx_word' id='word_1_22' title='bbox 1079 1415 1131 1476; x_wconf 89' lang='lat' dir='ltr'><strong>est</strong></span> <span class='ocrx_word' id='word_1_23' title='bbox 1149 1411 1185 1476; x_wconf 91' lang='lat' dir='ltr'><strong>in</strong></span> <span class='ocrx_word' id='word_1_24' title='bbox 1203 1412 1277 1477; x_wconf 87' lang='lat' dir='ltr'><strong>istis</strong></span> 
     </span>
     <span class='ocr_line' id='line_1_5' title="bbox 154 1517 1278 1609; baseline -0.001 -25"><span class='ocrx_word' id='word_1_25' title='bbox 154 1518 312 1609; x_wconf 89' lang='lat' dir='ltr'><strong>personis</strong></span> <span class='ocrx_word' id='word_1_26' title='bbox 331 1518 558 1584; x_wconf 80' lang='lat' dir='ltr'><strong>informandis</strong></span> <span class='ocrx_word' id='word_1_27' title='bbox 581 1517 775 1604; x_wconf 82' lang='lat' dir='ltr'><strong>Vergilium</strong></span> <span class='ocrx_word' id='word_1_28' title='bbox 794 1540 814 1584; x_wconf 93' lang='lat' dir='ltr'><strong>a</strong></span> <span class='ocrx_word' id='word_1_29' title='bbox 836 1518 1012 1607; x_wconf 86' lang='lat' dir='ltr'><strong>prioribus</strong></span> <span class='ocrx_word' id='word_1_30' title='bbox 1036 1517 1147 1607; x_wconf 86' lang='lat' dir='ltr'><strong>poetis</strong></span> <span class='ocrx_word' id='word_1_31' title='bbox 1167 1517 1278 1607; x_wconf 86' lang='lat' dir='ltr'><strong>pluri-</strong></span> 
     </span>
     <span class='ocr_line' id='line_1_6' title="bbox 154 1622 1278 1714; baseline 0 -24"><span class='ocrx_word' id='word_1_32' title='bbox 154 1645 251 1690; x_wconf 88' lang='lat' dir='ltr'><strong>mum</strong></span> <span class='ocrx_word' id='word_1_33' title='bbox 280 1623 438 1711; x_wconf 89' lang='lat' dir='ltr'><strong>adjutum</strong></span> <span class='ocrx_word' id='word_1_34' title='bbox 467 1622 586 1690; x_wconf 90' lang='lat' dir='ltr'><strong>fuisse.</strong></span> <span class='ocrx_word' id='word_1_35' title='bbox 619 1623 780 1714; x_wconf 88' lang='lat' dir='ltr'><strong>Iniquum</strong></span> <span class='ocrx_word' id='word_1_36' title='bbox 814 1630 866 1690; x_wconf 92' lang='lat' dir='ltr'><strong>est</strong></span> <span class='ocrx_word' id='word_1_37' title='bbox 893 1623 981 1690; x_wconf 90' lang='lat' dir='ltr'><strong>illud</strong></span> <span class='ocrx_word' id='word_1_38' title='bbox 1008 1624 1197 1691; x_wconf 93' lang='lat' dir='ltr'><strong>multorum</strong></span> <span class='ocrx_word' id='word_1_39' title='bbox 1226 1623 1278 1690; x_wconf 87' lang='lat' dir='ltr'><strong>rei</strong></span> 
     </span>
     <span class='ocr_line' id='line_1_7' title="bbox 152 1730 1278 1821; baseline 0 -25"><span class='ocrx_word' id='word_1_40' title='bbox 152 1731 341 1798; x_wconf 87' lang='lat' dir='ltr'><strong>litterariae</strong></span> <span class='ocrx_word' id='word_1_41' title='bbox 372 1731 569 1798; x_wconf 78' lang='lat' dir='ltr'><strong>criticorum</strong></span> <span class='ocrx_word' id='word_1_42' title='bbox 596 1731 787 1816; x_wconf 87' lang='lat' dir='ltr'><strong>silentium,</strong></span> <span class='ocrx_word' id='word_1_43' title='bbox 809 1732 869 1821; x_wconf 92' lang='lat' dir='ltr'><strong>qui</strong></span> <span class='ocrx_word' id='word_1_44' title='bbox 887 1732 1114 1818; x_wconf 79' lang='lat' dir='ltr'><strong>vergilianam</strong></span> <span class='ocrx_word' id='word_1_45' title='bbox 1144 1730 1278 1798; x_wconf 90' lang='lat' dir='ltr'><strong>Andro-</strong></span> 
     </span>
     <span class='ocr_line' id='line_1_8' title="bbox 153 1836 1278 1928; baseline -0.001 -23"><span class='ocrx_word' id='word_1_46' title='bbox 153 1838 313 1905; x_wconf 89' lang='lat' dir='ltr'><strong>macham</strong></span> <span class='ocrx_word' id='word_1_47' title='bbox 332 1836 564 1928; x_wconf 76' lang='lat' dir='ltr'><strong>parvifacere</strong></span> <span class='ocrx_word' id='word_1_48' title='bbox 584 1838 762 1922; x_wconf 88' lang='lat' dir='ltr'><strong>videntur,</strong></span> <span class='ocrx_word' id='word_1_49' title='bbox 786 1839 884 1928; x_wconf 81' lang='lat' dir='ltr'><strong>quasi</strong></span> <span class='ocrx_word' id='word_1_50' title='bbox 902 1838 1115 1905; x_wconf 82' lang='lat' dir='ltr'><strong>homericam</strong></span> <span class='ocrx_word' id='word_1_51' title='bbox 1135 1846 1169 1905; x_wconf 88' lang='lat' dir='ltr'><strong>et</strong></span> <span class='ocrx_word' id='word_1_52' title='bbox 1186 1839 1278 1905; x_wconf 87' lang='lat' dir='ltr'><strong>euri·</strong></span> 
     </span>
     <span class='ocr_line' id='line_1_9' title="bbox 152 1930 1277 2036; baseline 0.002 -26"><span class='ocrx_word' id='word_1_53' title='bbox 152 1944 293 2035; x_wconf 86' lang='lat' dir='ltr'><strong>pideam</strong></span> <span class='ocrx_word' id='word_1_54' title='bbox 311 1945 439 2011; x_wconf 91' lang='lat' dir='ltr'><strong>latinus</strong></span> <span class='ocrx_word' id='word_1_55' title='bbox 467 1949 571 2034; x_wconf 87' lang='lat' dir='ltr'><strong>poeta</strong></span> <span class='ocrx_word' id='word_1_56' title='bbox 594 1946 629 2011; x_wconf 91' lang='lat' dir='ltr'><strong>in</strong></span> <span class='ocrx_word' id='word_1_57' title='bbox 662 1967 766 2013; x_wconf 87' lang='lat' dir='ltr'><strong>unam</strong></span> <span class='ocrx_word' id='word_1_58' title='bbox 785 1930 977 2036; x_wconf 36' lang='lat' dir='ltr'><strong>‘personam</strong></span> <span class='ocrx_word' id='word_1_59' title='bbox 1011 1946 1160 2012; x_wconf 87' lang='lat' dir='ltr'><strong>conflare</strong></span> <span class='ocrx_word' id='word_1_60' title='bbox 1195 1947 1277 2014; x_wconf 90' lang='lat' dir='ltr'><strong>satis</strong></span> 
     </span>
     <span class='ocr_line' id='line_1_10' title="bbox 152 2050 1278 2141; baseline -0.001 -24"><span class='ocrx_word' id='word_1_61' title='bbox 152 2050 325 2118; x_wconf 88' lang='lat' dir='ltr'><strong>habuerit.</strong></span> <span class='ocrx_word' id='word_1_62' title='bbox 342 2051 499 2141; x_wconf 91' lang='lat' dir='ltr'><strong>lniquior</strong></span> <span class='ocrx_word' id='word_1_63' title='bbox 518 2052 622 2118; x_wconf 89' lang='lat' dir='ltr'><strong>etiam</strong></span> <span class='ocrx_word' id='word_1_64' title='bbox 640 2052 701 2117; x_wconf 90' lang='lat' dir='ltr'><strong>illa</strong></span> <span class='ocrx_word' id='word_1_65' title='bbox 720 2051 763 2118; x_wconf 93' lang='lat' dir='ltr'><strong>de</strong></span> <span class='ocrx_word' id='word_1_66' title='bbox 783 2052 917 2119; x_wconf 89' lang='lat' dir='ltr'><strong>Didone</strong></span> <span class='ocrx_word' id='word_1_67' title='bbox 937 2052 1184 2141; x_wconf 87' lang='lat' dir='ltr'><strong>plerorumque</strong></span> <span class='ocrx_word' id='word_1_68' title='bbox 1204 2051 1278 2141; x_wconf 91' lang='lat' dir='ltr'><strong>phi·</strong></span> 
     </span>
     <span class='ocr_line' id='line_1_11' title="bbox 152 2158 1279 2248; baseline 0.002 -24"><span class='ocrx_word' id='word_1_69' title='bbox 152 2158 349 2244; x_wconf 90' lang='lat' dir='ltr'><strong>lologorum</strong></span> <span class='ocrx_word' id='word_1_70' title='bbox 363 2158 491 2248; x_wconf 90' lang='lat' dir='ltr'><strong>opinio,</strong></span> <span class='ocrx_word' id='word_1_71' title='bbox 502 2160 591 2225; x_wconf 95' lang='lat' dir='ltr'><strong>-in</strong></span> <span class='ocrx_word' id='word_1_72' title='bbox 607 2159 740 2226; x_wconf 91' lang='lat' dir='ltr'><strong>animos</strong></span> <span class='ocrx_word' id='word_1_73' title='bbox 755 2165 871 2226; x_wconf 91' lang='lat' dir='ltr'><strong>tamen</strong></span> <span class='ocrx_word' id='word_1_74' title='bbox 882 2159 1115 2227; x_wconf 88' lang='lat' dir='ltr'><strong>studiosorum</strong></span> <span class='ocrx_word' id='word_1_75' title='bbox 1131 2158 1279 2226; x_wconf 87' lang='lat' dir='ltr'><strong>deducta</strong></span> 
     </span>
     <span class='ocr_line' id='line_1_12' title="bbox 155 2264 1278 2355; baseline 0.002 -25"><span class='ocrx_word' id='word_1_76' title='bbox 155 2269 187 2330; x_wconf 92' lang='lat' dir='ltr'><strong>et</strong></span> <span class='ocrx_word' id='word_1_77' title='bbox 206 2264 310 2332; x_wconf 82' lang='lat' dir='ltr'><strong>infixa</strong></span> <span class='ocrx_word' id='word_1_78' title='bbox 332 2288 397 2354; x_wconf 89' lang='lat' dir='ltr'><strong>per</strong></span> <span class='ocrx_word' id='word_1_79' title='bbox 423 2265 526 2331; x_wconf 90' lang='lat' dir='ltr'><strong>istam</strong></span> <span class='ocrx_word' id='word_1_80' title='bbox 546 2271 751 2355; x_wconf 87' lang='lat' dir='ltr'><strong>perpetuam</strong></span> <span class='ocrx_word' id='word_1_81' title='bbox 773 2293 789 2327; x_wconf 88' lang='lat'>«</span> <span class='ocrx_word' id='word_1_82' title='bbox 811 2265 958 2352; x_wconf 86' lang='lat' dir='ltr'><strong>Vergilii</strong></span> <span class='ocrx_word' id='word_1_83' title='bbox 977 2266 1123 2332; x_wconf 88' lang='lat' dir='ltr'><strong>sontium</strong></span> <span class='ocrx_word' id='word_1_84' title='bbox 1147 2294 1163 2328; x_wconf 84' lang='lat'>»</span> <span class='ocrx_word' id='word_1_85' title='bbox 1187 2287 1278 2332; x_wconf 87' lang='lat' dir='ltr'><strong>com·</strong></span> 
     </span>
     <span class='ocr_line' id='line_1_13' title="bbox 152 2371 1278 2462; baseline 0.001 -24"><span class='ocrx_word' id='word_1_86' title='bbox 152 2372 437 2438; x_wconf 77' lang='lat' dir='ltr'><strong>memorationem</strong></span> <span class='ocrx_word' id='word_1_87' title='bbox 453 2394 523 2461; x_wconf 89' lang='lat' dir='ltr'><strong>qua</strong></span> <span class='ocrx_word' id='word_1_88' title='bbox 533 2373 742 2438; x_wconf 76' lang='lat' dir='ltr'><strong>recentiores</strong></span> <span class='ocrx_word' id='word_1_89' title='bbox 753 2373 960 2462; x_wconf 89' lang='lat' dir='ltr'><strong>praesertim</strong></span> <span class='ocrx_word' id='word_1_90' title='bbox 972 2372 1140 2438; x_wconf 89' lang='lat' dir='ltr'><strong>editiones</strong></span> <span class='ocrx_word' id='word_1_91' title='bbox 1152 2371 1278 2439; x_wconf 89' lang='lat' dir='ltr'><strong>redun-</strong></span> 
     </span>
     <span class='ocr_line' id='line_1_14' title="bbox 152 2478 1278 2569; baseline -0.002 -23"><span class='ocrx_word' id='word_1_92' title='bbox 152 2480 236 2546; x_wconf 85' lang='lat' dir='ltr'><strong>dant</strong></span> <span class='ocrx_word' id='word_1_93' title='bbox 257 2501 264 2548; x_wconf 95' lang='lat'><strong>:</strong></span> <span class='ocrx_word' id='word_1_94' title='bbox 287 2519 331 2528; x_wconf 91' lang='lat'><em>-</em></span> <span class='ocrx_word' id='word_1_95' title='bbox 349 2500 474 2569; x_wconf 89' lang='lat' dir='ltr'><strong>nempe</strong></span> <span class='ocrx_word' id='word_1_96' title='bbox 494 2478 664 2545; x_wconf 87' lang='lat' dir='ltr'><strong>Didonem</strong></span> <span class='ocrx_word' id='word_1_97' title='bbox 686 2503 703 2545; x_wconf 93' lang='lat' dir='ltr'><strong>e</strong></span> <span class='ocrx_word' id='word_1_98' title='bbox 724 2479 870 2568; x_wconf 87' lang='lat' dir='ltr'><strong>direptis</strong></span> <span class='ocrx_word' id='word_1_99' title='bbox 889 2479 1099 2569; x_wconf 86' lang='lat' dir='ltr'><strong>Euripideae</strong></span> <span class='ocrx_word' id='word_1_100' title='bbox 1120 2484 1154 2545; x_wconf 91' lang='lat' dir='ltr'><strong>et</strong></span> <span class='ocrx_word' id='word_1_101' title='bbox 1172 2479 1278 2568; x_wconf 87' lang='lat' dir='ltr'><strong>Apol-</strong></span> 
     </span>
     <span class='ocr_line' id='line_1_15' title="bbox 150 2584 1277 2664; baseline 0.002 -12"><span class='ocrx_word' id='word_1_102' title='bbox 150 2588 311 2654; x_wconf 87' lang='lat' dir='ltr'><strong>lonianae</strong></span> <span class='ocrx_word' id='word_1_103' title='bbox 329 2585 487 2664; x_wconf 85' lang='lat' dir='ltr'><strong>Medeae,</strong></span> <span class='ocrx_word' id='word_1_104' title='bbox 510 2590 570 2653; x_wconf 87' lang='lat' dir='ltr'><strong>aut</strong></span> <span class='ocrx_word' id='word_1_105' title='bbox 589 2584 803 2654; x_wconf 89' lang='lat' dir='ltr'><strong>Catullianae</strong></span> <span class='ocrx_word' id='word_1_106' title='bbox 828 2587 1001 2653; x_wconf 85' lang='lat' dir='ltr'><strong>Ariadnae</strong></span> <span class='ocrx_word' id='word_1_107' title='bbox 1026 2586 1192 2653; x_wconf 86' lang='lat' dir='ltr'><strong>membris</strong></span> <span class='ocrx_word' id='word_1_108' title='bbox 1218 2610 1277 2654; x_wconf 88' lang='lat' dir='ltr'><strong>ve-</strong></span> 
     </span>
     <span class='ocr_line' id='line_1_16' title="bbox 150 2693 1273 2783; baseline 0 -23"><span class='ocrx_word' id='word_1_109' title='bbox 150 2694 215 2760; x_wconf 92' lang='lat' dir='ltr'><strong>luti</strong></span> <span class='ocrx_word' id='word_1_110' title='bbox 234 2698 413 2761; x_wconf 87' lang='lat' dir='ltr'><strong>consutam</strong></span> <span class='ocrx_word' id='word_1_111' title='bbox 433 2715 512 2759; x_wconf 92' lang='lat' dir='ltr'><strong>cum</strong></span> <span class='ocrx_word' id='word_1_112' title='bbox 532 2693 663 2779; x_wconf 87' lang='lat' dir='ltr'><strong>majore</strong></span> <span class='ocrx_word' id='word_1_113' title='bbox 683 2693 853 2761; x_wconf 89' lang='lat' dir='ltr'><strong>industria</strong></span> <span class='ocrx_word' id='word_1_114' title='bbox 872 2716 977 2783; x_wconf 87' lang='lat' dir='ltr'><strong>quam</strong></span> <span class='ocrx_word' id='word_1_115' title='bbox 997 2694 1136 2780; x_wconf 89' lang='lat' dir='ltr'><strong>ingenio</strong></span> <span class='ocrx_word' id='word_1_116' title='bbox 1154 2694 1273 2760; x_wconf 74' lang='lat' dir='ltr'><strong>fuisse,</strong></span> 
     </span>
    </p>

    <p class='ocr_par' dir='ltr' id='par_1_4' title="bbox 150 2799 1274 3318">
     <span class='ocr_line' id='line_1_17' title="bbox 195 2799 1274 2889; baseline 0.001 -24"><span class='ocrx_word' id='word_1_117' title='bbox 195 2799 303 2869; x_wconf 90' lang='lat' dir='ltr'><strong>Nobis</strong></span> <span class='ocrx_word' id='word_1_118' title='bbox 331 2803 450 2866; x_wconf 89' lang='lat' dir='ltr'><strong>contra</strong></span> <span class='ocrx_word' id='word_1_119' title='bbox 474 2799 628 2885; x_wconf 89' lang='lat' dir='ltr'><strong>singulas</strong></span> <span class='ocrx_word' id='word_1_120' title='bbox 650 2799 871 2886; x_wconf 89' lang='lat' dir='ltr'><strong>Vergilianae</strong></span> <span class='ocrx_word' id='word_1_121' title='bbox 897 2799 1144 2889; x_wconf 85' lang='lat' dir='ltr'><strong>descriptionis</strong></span> <span class='ocrx_word' id='word_1_122' title='bbox 1158 2799 1201 2866; x_wconf 91' lang='lat' dir='ltr'><strong>de</strong></span> <span class='ocrx_word' id='word_1_123' title='bbox 1219 2799 1274 2866; x_wconf 91' lang='lat' dir='ltr'><strong>his</strong></span> 
     </span>
     <span class='ocr_line' id='line_1_18' title="bbox 152 2906 1274 2997; baseline 0 -24"><span class='ocrx_word' id='word_1_124' title='bbox 152 2906 356 2973; x_wconf 91' lang='lat' dir='ltr'><strong>mulieribus</strong></span> <span class='ocrx_word' id='word_1_125' title='bbox 371 2910 500 2995; x_wconf 79' lang='lat' dir='ltr'><strong>parteS,</strong></span> <span class='ocrx_word' id='word_1_126' title='bbox 522 2907 605 2996; x_wconf 92' lang='lat' dir='ltr'><strong>quin</strong></span> <span class='ocrx_word' id='word_1_127' title='bbox 626 2907 728 2973; x_wconf 87' lang='lat' dir='ltr'><strong>etiam</strong></span> <span class='ocrx_word' id='word_1_128' title='bbox 744 2907 945 2997; x_wconf 65' lang='lat' dir='ltr'><strong>particulas</strong></span> <span class='ocrx_word' id='word_1_129' title='bbox 968 2906 1153 2993; x_wconf 89' lang='lat' dir='ltr'><strong>diligenter</strong></span> <span class='ocrx_word' id='word_1_130' title='bbox 1171 2930 1274 2973; x_wconf 84' lang='lat' dir='ltr'><strong>excu-</strong></span> 
     </span>
     <span class='ocr_line' id='line_1_19' title="bbox 150 3013 1274 3103; baseline 0 -23"><span class='ocrx_word' id='word_1_131' title='bbox 150 3013 315 3080; x_wconf 89' lang='lat' dir='ltr'><strong>tientibus</strong></span> <span class='ocrx_word' id='word_1_132' title='bbox 335 3014 497 3103; x_wconf 90' lang='lat' dir='ltr'><strong>apparuit</strong></span> <span class='ocrx_word' id='word_1_133' title='bbox 523 3013 688 3080; x_wconf 91' lang='lat' dir='ltr'><strong>nonnulla</strong></span> <span class='ocrx_word' id='word_1_134' title='bbox 713 3014 869 3103; x_wconf 89' lang='lat' dir='ltr'><strong>profecto</strong></span> <span class='ocrx_word' id='word_1_135' title='bbox 897 3013 1091 3100; x_wconf 90' lang='lat' dir='ltr'><strong>Vergilium</strong></span> <span class='ocrx_word' id='word_1_136' title='bbox 1115 3037 1156 3080; x_wconf 86' lang='lat' dir='ltr'><strong>ex</strong></span> <span class='ocrx_word' id='word_1_137' title='bbox 1179 3020 1274 3080; x_wconf 91' lang='lat' dir='ltr'><strong>ante-</strong></span> 
     </span>
     <span class='ocr_line' id='line_1_20' title="bbox 150 3119 1269 3210; baseline 0 -24"><span class='ocrx_word' id='word_1_138' title='bbox 150 3120 346 3188; x_wconf 83' lang='lat' dir='ltr'><strong>cessoribus</strong></span> <span class='ocrx_word' id='word_1_139' title='bbox 362 3121 609 3210; x_wconf 87' lang='lat' dir='ltr'><strong>desumpsisse,</strong></span> <span class='ocrx_word' id='word_1_140' title='bbox 626 3119 689 3187; x_wconf 90' lang='lat' dir='ltr'><strong>sed</strong></span> <span class='ocrx_word' id='word_1_141' title='bbox 702 3122 749 3187; x_wconf 89' lang='lat' dir='ltr'><strong>ita</strong></span> <span class='ocrx_word' id='word_1_142' title='bbox 765 3125 803 3188; x_wconf 94' lang='lat' dir='ltr'><strong>ut</strong></span> <span class='ocrx_word' id='word_1_143' title='bbox 820 3121 929 3188; x_wconf 93' lang='lat' dir='ltr'><strong>multa</strong></span> <span class='ocrx_word' id='word_1_144' title='bbox 946 3120 1146 3210; x_wconf 86' lang='lat' dir='ltr'><strong>repudiaret</strong></span> <span class='ocrx_word' id='word_1_145' title='bbox 1161 3122 1269 3205; x_wconf 87' lang='lat' dir='ltr'><strong>exiis,</strong></span> 
     </span>
     <span class='ocr_line' id='line_1_21' title="bbox 150 3227 1269 3318; baseline 0.001 -24"><span class='ocrx_word' id='word_1_146' title='bbox 150 3228 259 3295; x_wconf 91' lang='lat' dir='ltr'><strong>multa</strong></span> <span class='ocrx_word' id='word_1_147' title='bbox 275 3249 407 3308; x_wconf 77' lang='lat' dir='ltr'><strong>rursuS,</strong></span> <span class='ocrx_word' id='word_1_148' title='bbox 426 3232 522 3294; x_wconf 90' lang='lat' dir='ltr'><strong>-et</strong></span> <span class='ocrx_word' id='word_1_149' title='bbox 541 3227 599 3293; x_wconf 88' lang='lat' dir='ltr'><strong>illa</strong></span> <span class='ocrx_word' id='word_1_150' title='bbox 619 3228 761 3316; x_wconf 91' lang='lat' dir='ltr'><strong>quidem</strong></span> <span class='ocrx_word' id='word_1_151' title='bbox 782 3230 900 3315; x_wconf 85' lang='lat' dir='ltr'><strong>magni</strong></span> <span class='ocrx_word' id='word_1_152' title='bbox 921 3229 1035 3318; x_wconf 90' lang='lat' dir='ltr'><strong>pretii,</strong></span> <span class='ocrx_word' id='word_1_153' title='bbox 1054 3268 1097 3277; x_wconf 92' lang='lat'>—</span> <span class='ocrx_word' id='word_1_154' title='bbox 1114 3228 1269 3296; x_wconf 86' lang='lat' dir='ltr'><strong>adderet.</strong></span> 
     </span>
    </p>

    <p class='ocr_par' dir='ltr' id='par_1_5' title="bbox 145 3333 1271 4284">
     <span class='ocr_line' id='line_1_22' title="bbox 193 3333 1268 3425; baseline -0.002 -21"><span class='ocrx_word' id='word_1_155' title='bbox 193 3336 318 3421; x_wconf 87' lang='lat' dir='ltr'><strong>Multa,</strong></span> <span class='ocrx_word' id='word_1_156' title='bbox 350 3337 512 3424; x_wconf 90' lang='lat' dir='ltr'><strong>inquam,</strong></span> <span class='ocrx_word' id='word_1_157' title='bbox 544 3333 717 3425; x_wconf 88' lang='lat' dir='ltr'><strong>repudiat.</strong></span> <span class='ocrx_word' id='word_1_158' title='bbox 757 3335 897 3402; x_wconf 90' lang='lat' dir='ltr'><strong>Inutilia</strong></span> <span class='ocrx_word' id='word_1_159' title='bbox 934 3336 1065 3402; x_wconf 88' lang='lat' dir='ltr'><strong>scilicet</strong></span> <span class='ocrx_word' id='word_1_160' title='bbox 1100 3336 1268 3425; x_wconf 83' lang='lat' dir='ltr'><strong>primum,</strong></span> 
     </span>
     <span class='ocr_line' id='line_1_23' title="bbox 149 3443 1268 3534; baseline 0 -24"><span class='ocrx_word' id='word_1_161' title='bbox 149 3466 238 3534; x_wconf 89' lang='lat' dir='ltr'><strong>quae</strong></span> <span class='ocrx_word' id='word_1_162' title='bbox 257 3443 459 3534; x_wconf 89' lang='lat' dir='ltr'><strong>properanti</strong></span> <span class='ocrx_word' id='word_1_163' title='bbox 485 3443 674 3510; x_wconf 88' lang='lat' dir='ltr'><strong>narrationi</strong></span> <span class='ocrx_word' id='word_1_164' title='bbox 693 3448 910 3510; x_wconf 90' lang='lat' dir='ltr'><strong>moraturum</strong></span> <span class='ocrx_word' id='word_1_165' title='bbox 933 3465 1019 3509; x_wconf 92' lang='lat' dir='ltr'><strong>onus</strong></span> <span class='ocrx_word' id='word_1_166' title='bbox 1038 3443 1268 3532; x_wconf 83' lang='lat' dir='ltr'><strong>imponerent,</strong></span> 
     </span>
     <span class='ocr_line' id='line_1_24' title="bbox 147 3550 1271 3645; baseline -0.001 -27"><span class='ocrx_word' id='word_1_167' title='bbox 147 3552 418 3645; x_wconf 90' lang='lat' dir='ltr'><strong>necquicquam</strong></span> <span class='ocrx_word' id='word_1_168' title='bbox 439 3550 518 3616; x_wconf 87' lang='lat' dir='ltr'><strong>ad«</strong></span> <span class='ocrx_word' id='word_1_169' title='bbox 541 3551 638 3618; x_wconf 91' lang='lat' dir='ltr'><strong>ethos</strong></span> <span class='ocrx_word' id='word_1_170' title='bbox 661 3577 677 3613; x_wconf 77' lang='lat' dir='ltr'><strong>u</strong></span> <span class='ocrx_word' id='word_1_171' title='bbox 700 3556 759 3618; x_wconf 94' lang='lat' dir='ltr'><strong>aut</strong></span> <span class='ocrx_word' id='word_1_172' title='bbox 781 3578 797 3612; x_wconf 88' lang='lat'>«</span> <span class='ocrx_word' id='word_1_173' title='bbox 823 3552 985 3641; x_wconf 80' lang='lat' dir='ltr'><strong>pathos»</strong></span> <span class='ocrx_word' id='word_1_174' title='bbox 1009 3551 1214 3634; x_wconf 81' lang='lat' dir='ltr'><strong>conferrent,</strong></span> <span class='ocrx_word' id='word_1_175' title='bbox 1237 3557 1271 3618; x_wconf 92' lang='lat' dir='ltr'><strong>et</strong></span> 
     </span>
     <span class='ocr_line' id='line_1_25' title="bbox 148 3658 1268 3749; baseline 0 -23"><span class='ocrx_word' id='word_1_176' title='bbox 148 3659 193 3726; x_wconf 90' lang='lat' dir='ltr'><strong>ad</strong></span> <span class='ocrx_word' id='word_1_177' title='bbox 210 3659 371 3725; x_wconf 80' lang='lat' dir='ltr'><strong>frivolam</strong></span> <span class='ocrx_word' id='word_1_178' title='bbox 391 3658 532 3724; x_wconf 91' lang='lat' dir='ltr'><strong>demum</strong></span> <span class='ocrx_word' id='word_1_179' title='bbox 551 3659 742 3746; x_wconf 90' lang='lat' dir='ltr'><strong>legentium</strong></span> <span class='ocrx_word' id='word_1_180' title='bbox 762 3659 1029 3727; x_wconf 90' lang='lat' dir='ltr'><strong>oblectationem</strong></span> <span class='ocrx_word' id='word_1_181' title='bbox 1044 3659 1268 3749; x_wconf 85' lang='lat' dir='ltr'><strong>pertinerent.</strong></span> 
     </span>
     <span class='ocr_line' id='line_1_26' title="bbox 149 3765 1265 3855; baseline -0.001 -21"><span class='ocrx_word' id='word_1_182' title='bbox 149 3765 219 3834; x_wconf 88' lang='lat' dir='ltr'><strong>Sed</strong></span> <span class='ocrx_word' id='word_1_183' title='bbox 246 3770 280 3832; x_wconf 91' lang='lat' dir='ltr'><strong>et</strong></span> <span class='ocrx_word' id='word_1_184' title='bbox 309 3766 370 3832; x_wconf 92' lang='lat' dir='ltr'><strong>illa</strong></span> <span class='ocrx_word' id='word_1_185' title='bbox 398 3788 535 3855; x_wconf 89' lang='lat' dir='ltr'><strong>quoqne</strong></span> <span class='ocrx_word' id='word_1_186' title='bbox 564 3787 728 3855; x_wconf 86' lang='lat' dir='ltr'><strong>respuere</strong></span> <span class='ocrx_word' id='word_1_187' title='bbox 758 3765 930 3852; x_wconf 91' lang='lat' dir='ltr'><strong>Vergilius</strong></span> <span class='ocrx_word' id='word_1_188' title='bbox 958 3787 1107 3854; x_wconf 87' lang='lat' dir='ltr'><strong>aequum</strong></span> <span class='ocrx_word' id='word_1_189' title='bbox 1134 3770 1265 3849; x_wconf 89' lang='lat' dir='ltr'><strong>censet,</strong></span> 
     </span>
     <span class='ocr_line' id='line_1_27' title="bbox 147 3862 1265 3964; baseline -0.001 -24"><span class='ocrx_word' id='word_1_190' title='bbox 147 3896 236 3964; x_wconf 90' lang='lat' dir='ltr'><strong>quae</strong></span> <span class='ocrx_word' id='word_1_191' title='bbox 249 3894 421 3962; x_wconf 85' lang='lat' dir='ltr'><strong>personae</strong></span> <span class='ocrx_word' id='word_1_192' title='bbox 442 3871 610 3961; x_wconf 87' lang='lat' dir='ltr'><strong>cujusque</strong></span> <span class='ocrx_word' id='word_1_193' title='bbox 629 3872 825 3958; x_wconf 86' lang='lat' dir='ltr'><strong>ingenium,</strong></span> <span class='ocrx_word' id='word_1_194' title='bbox 849 3873 951 3963; x_wconf 90' lang='lat' dir='ltr'><strong>quale</strong></span> <span class='ocrx_word' id='word_1_195' title='bbox 971 3872 1037 3938; x_wconf 91' lang='lat' dir='ltr'><strong>sibi</strong></span> <span class='ocrx_word' id='word_1_196' title='bbox 1055 3862 1130 3962; x_wconf 91' lang='lat' dir='ltr'><strong>ipse</strong></span> <span class='ocrx_word' id='word_1_197' title='bbox 1150 3872 1265 3960; x_wconf 87' lang='lat' dir='ltr'><strong>fingit,</strong></span> 
     </span>
     <span class='ocr_line' id='line_1_28' title="bbox 147 3979 1268 4070; baseline -0.001 -22"><span class='ocrx_word' id='word_1_198' title='bbox 147 3981 316 4048; x_wconf 84' lang='lat' dir='ltr'><strong>dedecere</strong></span> <span class='ocrx_word' id='word_1_199' title='bbox 334 3979 532 4045; x_wconf 87' lang='lat' dir='ltr'><strong>arbitretur.</strong></span> <span class='ocrx_word' id='word_1_200' title='bbox 552 3979 608 4046; x_wconf 87' lang='lat' dir='ltr'><strong>Sic</strong></span> <span class='ocrx_word' id='word_1_201' title='bbox 628 4001 667 4044; x_wconf 88' lang='lat' dir='ltr'><strong>ea</strong></span> <span class='ocrx_word' id='word_1_202' title='bbox 688 3980 894 4070; x_wconf 88' lang='lat' dir='ltr'><strong>plerumque</strong></span> <span class='ocrx_word' id='word_1_203' title='bbox 914 3981 1028 4067; x_wconf 86' lang='lat' dir='ltr'><strong>rejicit</strong></span> <span class='ocrx_word' id='word_1_204' title='bbox 1046 4002 1133 4070; x_wconf 88' lang='lat' dir='ltr'><strong>quae</strong></span> <span class='ocrx_word' id='word_1_205' title='bbox 1153 3981 1268 4070; x_wconf 92' lang='lat' dir='ltr'><strong>politis</strong></span> 
     </span>
     <span class='ocr_line' id='line_1_29' title="bbox 145 4085 1267 4176; baseline 0.001 -23"><span class='ocrx_word' id='word_1_206' title='bbox 145 4088 219 4155; x_wconf 90' lang='lat' dir='ltr'><strong>istis</strong></span> <span class='ocrx_word' id='word_1_207' title='bbox 258 4087 411 4153; x_wconf 91' lang='lat' dir='ltr'><strong>moribus</strong></span> <span class='ocrx_word' id='word_1_208' title='bbox 450 4085 539 4151; x_wconf 85' lang='lat' dir='ltr'><strong>male</strong></span> <span class='ocrx_word' id='word_1_209' title='bbox 567 4087 806 4169; x_wconf 86' lang='lat' dir='ltr'><strong>convenirent,</strong></span> <span class='ocrx_word' id='word_1_210' title='bbox 838 4109 924 4176; x_wconf 91' lang='lat' dir='ltr'><strong>quos</strong></span> <span class='ocrx_word' id='word_1_211' title='bbox 954 4088 988 4153; x_wconf 89' lang='lat' dir='ltr'><strong>in</strong></span> <span class='ocrx_word' id='word_1_212' title='bbox 1017 4086 1125 4176; x_wconf 93' lang='lat' dir='ltr'><strong>polita</strong></span> <span class='ocrx_word' id='word_1_213' title='bbox 1156 4091 1267 4154; x_wconf 87' lang='lat' dir='ltr'><strong>aetate</strong></span> 
     </span>
     <span class='ocr_line' id='line_1_30' title="bbox 146 4184 1267 4284; baseline 0.001 -24"><span class='ocrx_word' id='word_1_214' title='bbox 146 4199 356 4284; x_wconf 89' lang='lat' dir='ltr'><strong>anteponere</strong></span> <span class='ocrx_word' id='word_1_215' title='bbox 376 4193 468 4258; x_wconf 90' lang='lat' dir='ltr'><strong>mitis</strong></span> <span class='ocrx_word' id='word_1_216' title='bbox 488 4184 525 4257; x_wconf 54' lang='lat' dir='ltr'><strong>et⁴</strong></span> <span class='ocrx_word' id='word_1_217' title='bbox 547 4193 622 4281; x_wconf 88' lang='lat' dir='ltr'><strong>ipse</strong></span> <span class='ocrx_word' id='word_1_218' title='bbox 654 4194 759 4259; x_wconf 91' lang='lat' dir='ltr'><strong>animi</strong></span> <span class='ocrx_word' id='word_1_219' title='bbox 786 4194 980 4283; x_wconf 82' lang='lat' dir='ltr'><strong>excultique</strong></span> <span class='ocrx_word' id='word_1_220' title='bbox 1006 4194 1137 4280; x_wconf 90' lang='lat' dir='ltr'><strong>ingenii</strong></span> <span class='ocrx_word' id='word_1_221' title='bbox 1164 4200 1267 4284; x_wconf 93' lang='lat' dir='ltr'><strong>poeta</strong></span> 
     </span>
    </p>
   </div>
   <div class='ocr_carea' id='block_1_4' title="bbox 145 4300 1266 4459">
    <p class='ocr_par' dir='ltr' id='par_1_6' title="bbox 145 4300 1266 4459">
     <span class='ocr_line' id='line_1_31' title="bbox 145 4300 1266 4391; baseline 0.001 -24"><span class='ocrx_word' id='word_1_222' title='bbox 145 4302 455 4369; x_wconf 88' lang='lat' dir='ltr'><strong>debuitPersonas</strong></span> <span class='ocrx_word' id='word_1_223' title='bbox 474 4300 581 4385; x_wconf 89' lang='lat' dir='ltr'><strong>igitur</strong></span> <span class='ocrx_word' id='word_1_224' title='bbox 600 4301 787 4366; x_wconf 86' lang='lat' dir='ltr'><strong>muliebres</strong></span> <span class='ocrx_word' id='word_1_225' title='bbox 807 4324 954 4391; x_wconf 83' lang='lat' dir='ltr'><strong>quarum</strong></span> <span class='ocrx_word' id='word_1_226' title='bbox 968 4300 1119 4386; x_wconf 90' lang='lat' dir='ltr'><strong>Vergilio</strong></span> <span class='ocrx_word' id='word_1_227' title='bbox 1139 4323 1266 4368; x_wconf 91' lang='lat' dir='ltr'><strong>nomeu</strong></span> 
     </span>
     <span class='ocr_line' id='line_1_32' title="bbox 1160 4417 1183 4459; baseline 0.043 -1"><span class='ocrx_word' id='word_1_228' title='bbox 1160 4417 1183 4459; x_wconf 85' lang='lat' dir='ltr'><strong>n</strong></span> 
     </span>
    </p>
   </div>
   <div class='ocr_carea' id='block_1_5' title="bbox 0 0 1426 4928">
    <p class='ocr_par' dir='ltr' id='par_1_7' title="bbox 0 0 1426 4928">
     <span class='ocr_line' id='line_1_33' title="bbox 0 0 1426 4928; baseline 0 3"><span class='ocrx_word' id='word_1_229' title='bbox 0 0 1426 4928; x_wconf 95' lang='lat' dir='ltr'><strong> </strong></span> 
     </span>
    </p>
   </div>
  </div>
 </body>
</html>
