2844 4928
514 257 612 303 carur
636 258 769 303 rnruuu.
1139 236 1202 301 103

124 430 245 518 Neque
268 435 381 496 autem
408 432 473 498 hoe
500 431 542 496 de
571 434 713 499 Aretino
741 441 775 498 et
804 430 935 498 Lesclre
964 428 1202 497 tantummodo

81 537 346 603 existimandum
376 559 511 619 censeo,
534 538 595 605 sed
619 544 652 605 et
674 538 717 605 de
744 539 923 621 Pisandro,
946 560 1049 628 quem
1077 536 1202 604 aVer-

79 644 163 730 gilio
184 644 372 715 seeundum
397 645 557 713 Aeneidis
581 645 709 711 librum
734 652 960 735 componente
987 672 1002 706 «
1029 667 1139 735 paene
1158 644 1204 711 ad

79 752 226 818 verbum
247 753 493 841 transcriptum
514 781 534 815 ⁴»
565 753 668 819 fuisse
689 753 883 821 Macrobius
904 753 962 818 ait.
987 753 1123 841 Quippe
1144 752 1203 840 qui

79 880 205 947 poema
225 859 459 948 composuisse
480 858 614 925 dicatur
633 860 726 948 quod
747 887 762 922 «
785 883 804 926 a
829 860 958 949 nuptiis
977 859 1071 925 lovis
1091 863 1125 924 et
1144 858 1203 924 Ju-

79 966 179 1032 nonis
202 965 382 1054 incipiens,
404 966 582 1032 universas
604 966 765 1038 historias
786 988 874 1055 quae
899 966 1021 1032 mediis
1042 966 1202 1032 omnibus

80 1073 226 1138 sacculis
257 1094 366 1161 usque
395 1072 436 1140 ad
463 1079 609 1139 aetatem
639 1075 747 1163 ipsius
774 1072 932 1140 Pisandri
955 1103 970 1135 »
997 1073 1203 1158 contigerint

73 1206 96 1242 u
124 1181 157 1244 in
187 1201 291 1245 unam
325 1180 450 1245 seriem
478 1185 612 1247 coactas
639 1209 654 1241 »
688 1182 984 1270 amplecteretur¹.
1014 1206 1029 1241 a
1065 1179 1101 1244 ln
1131 1181 1202 1268 'quo

78 1293 195 1353 autem
219 1309 336 1376 opere,
375 1288 465 1352 inter
502 1294 632 1356 ceteras
658 1288 835 1368 historias,
867 1289 1025 1354 interitus
1064 1309 1228 1376 quoque.

78 1394 203 1480 Trojae
232 1395 265 1458 in
292 1393 384 1460 hunc
408 1395 549 1461 modum
574 1396 703 1462 relatus
728 1424 743 1457 »
768 1396 843 1462 fuit.
867 1395 942 1461 Non
962 1401 1077 1461 autem
1102 1395 1202 1460 video

76 1485 283 1590 quantulum
302 1500 369 1566 loci
388 1503 423 1567 in
442 1501 502 1566 illa
521 1501 639 1585 densa,
655 1508 693 1568 ut
710 1504 759 1568 ita
778 1502 902 1584 dicam,
919 1508 952 1568 et
971 1523 1081 1591 opaca
1099 1501 1203 1567 totins

76 1609 244 1697 temperis
288 1608 514 1697 mythologioi
549 1609 651 1692 silva,
686 1609 824 1676 Aeneae
862 1609 1004 1695 conjugi
1045 1608 1203 1674 relictum

73 1716 301 1804 superfuerit.

124 1821 283 1889 Ceterum
299 1828 377 1888 ante
390 1821 585 1909 Vergilium
598 1823 640 1890 de
662 1825 790 1913 Creusa
806 1824 977 1889 neminem
992 1823 1097 1888 luisse
1114 1822 1204 1888 mul-

77 1935 164 2010 tum,
184 1951 225 1996 ea
240 1930 317 2018 ipsa
333 1929 437 1996 fidem
452 1931 565 2012 faeiat,
582 1953 670 2020 quae
691 1931 734 1998 de
750 1932 811 1997 illa
823 1931 967 1997 muliere
986 1929 1201 2020 pererrabat,

77 2036 207 2103 fabula.
229 2036 366 2103 Etenim
388 2037 559 2123 conjicere
583 2039 683 2105 nobis
706 2040 798 2122 licet,
821 2038 1068 2127 impedimento
1092 2037 1202 2126 poetis

74 2144 183 2210 fuisse
202 2145 340 2210 Aeneae
359 2167 514 2212 uxorem.
531 2146 722 2236 Elapsurae
742 2153 858 2213 autem
873 2151 943 2212 tam
959 2147 1059 2214 citoa
1078 2166 1203 2215 scaena

76 2273 245 2342 personae
274 2252 413 2338 neglegi
442 2253 552 2321 solent
576 2275 597 2319 a
621 2254 754 2343 poetis;
785 2260 856 2320 tam
885 2254 983 2319 brevi
1010 2253 1199 2335 morituriS,

75 2360 282 2447 praesertim
305 2358 400 2448 apud
427 2360 598 2448 antiquos,
626 2382 725 2426 musa
748 2360 945 2448 nonglavet,
966 2382 1078 2449 neque
1104 2381 1200 2424 ease

73 2465 178 2531 turba
198 2465 344 2533 educere
360 2465 533 2551 dignatur.
549 2465 701 2557 Reputcs
722 2467 870 2557 denique
889 2465 988 2550 illud,
1007 2467 1136 2532 scilicet
1155 2465 1199 2532 de

74 2572 147 2656 illa,
170 2574 234 2639 etsi
254 2573 475 2654 mediocrem,
488 2578 604 2639 tamen
624 2596 728 2662 quam
747 2575 894 2640 maxime
914 2575 1078 2649 variatam
1094 2573 1199 2641 luisse

75 2681 291 2746 memoriam.
304 2681 419 2746 Alium
434 2681 524 2747 enim
545 2680 611 2747 alio
631 2680 734 2747 modo
754 2681 937 2748 tradidisse
953 2680 1196 2770 comperimus,

76 2808 164 2876 quos
187 2787 316 2852 liberos
340 2787 549 2876 pepererit²,
574 2810 733 2876 quaeque
761 2788 811 2852 illi
837 2795 915 2877 post
940 2787 1090 2852 dirutam
1114 2786 1199 2852 Tro-

71 2893 147 2980 jam
184 2893 403 2975 acciderint³,
444 2894 499 2958 vel
537 2895 641 2960 etiam
680 2894 773 2984 quod
807 2894 882 2981 ejus
920 2916 1044 2959 nomen
1085 2894 1200 2982 ipsum

75 3000 213 3066 fuerit⁸.
246 3000 380 3080 Quibus
409 3004 524 3065 autem
548 3000 591 3066 de
615 3002 772 3090 personis
796 3022 884 3086 vaga
909 3006 942 3066 et
960 3002 1092 3067 incerta
1109 3000 1202 3066 lama
1231 3036 1234 3044 =

110 3195 133 3245 1.
152 3196 272 3254 Alaunos,
294 3195 413 3253 Sutura„
432 3211 456 3254 v,
471 3197 495 3255 2,
511 3196 534 3247 l.

109 3267 133 3316 2.
151 3267 234 3315 Nescit
258 3267 339 3316 Liuius
362 3272 442 3316 utrum
457 3267 564 3316 Creusae
585 3282 615 3316 an
641 3266 758 3316 Lauiniae
780 3267 846 3318 filius
870 3267 943 3316 luerit
958 3268 1091 3316 Ascanius.
1115 3267 1144 3331 (l,
1168 3267 1199 3331 1).

79 3338 186 3386 Creusae
207 3337 281 3386 fillum
296 3338 373 3387 lulum
393 3339 500 3400 appellat
514 3337 543 3400 (Ι,
563 3337 597 3398 3,)
616 3339 792 3387 -Ascenium
813 3339 952 3399 Diom'srus,
972 3341 1069 3387 Aeneae
1084 3339 1202 3387 Creusae-

73 3423 125 3472 ,qne
147 3409 222 3456 lilium
247 3410 363 3456 nominat.
382 3409 435 3472 (111,
456 3408 507 3470 sl.)
530 3408 566 3459 el.
584 3409 648 3471 apud
669 3409 774 3457 eundem
792 3410 820 3472 (I,
837 3408 877 3467 29,
893 3409 934 3471 30)
953 3410 1034 3457 varias
1059 3410 1203 3470 discrepan-

77 3486 163 3542 tesque
178 3479 209 3527 de
224 3480 307 3528 Aenea
320 3481 475 3543 Ascanioque
490 3480 642 3530 traditiones.
659 3480 778 3529 Hellanici
797 3481 886 3529 Troica
902 3481 1035 3543 Dionysius
1050 3481 1202 3542 potissimum

80 3552 149 3613 sequi
162 3551 267 3600 videtur.

75 3676 79 3682 ,
109 3622 133 3670 3.
154 3623 297 3681 Pausanias,
312 3621 343 3680 X,
363 3622 402 3682 26,
419 3623 541 3685 duplicem
561 3623 647 3670 lamam
670 3623 700 3671 de
722 3637 750 3671 ea
766 3624 840 3671 tradit
859 3639 864 3670 :
880 3622 1004 3670 nonnullis
1019 3636 1097 3669 eama
1113 3621 1203 3684 Cybela

78 3699 103 3741 et
120 3692 213 3741 Venere
228 3698 406 3753 conservatam,
424 3694 479 3741 aliis
496 3699 589 3756 captam
610 3709 624 3742 a
644 3693 743 3742 Graecis
764 3695 839 3742 luisse
855 3694 1021 3743 narrantibus,
1037 3693 1124 3755 (Quam
1139 3694 1204 3742 enim
1301 3688 1304 3692 ’

78 3766 144 3813 inter
167 3765 273 3825 trojanas
294 3766 403 3826 captivas
427 3766 538 3826 pinxerat
563 3765 713 3827 Polygnotus
736 3765 758 3811 in
784 3765 902 3826 Delphica
923 3764 1080 3826 111111.)-
1105 3765 1153 3812 Alii
1173 3765 1203 3812 ab

78 3837 162 3884 Aenea
175 3835 304 3883 abductam
320 3836 474 3892 rettulerant,
491 3836 531 3883 alii
553 3835 702 3892 derelictum,
720 3836 778 3883 1111111
793 3837 896 3896 arupllus
912 3836 941 3882 de
965 3835 1020 3882 latis
1040 3836 1093 3896 ejus
1113 3848 1204 3882 memo-

78 3912 162 3956 rantes
173 3907 286 3968 (Srnaeo,
303 3906 366 3964 lllll,
383 3906 427 3967 533
445 3908 571 3966 Annianus,
594 3906 651 3956 l'ur.
671 3906 744 3964 laist„
760 3906 798 3965 lll,
816 3905 876 3966 1223
893 3907 924 3954 dc
940 3910 995 3954 aaut.
1012 3905 1141 3964 Antrual„
1159 3906 1202 3967 Xl,

79 3980 128 4041 16).
150 3999 161 4022 a
184 3978 291 4025 Fuerunt
311 3979 383 4025 etiam
405 3979 445 4040 qui
468 3977 582 4026 Creusam
604 3979 634 4025 ab
654 3979 707 4039 ipso
728 3979 824 4035 Aenea,
848 3992 875 4026 ea
896 3978 1007 4039 pactione
1029 3993 1083 4025 cum
1104 3978 1204 4025 Graecis

79 4051 155 4106 lacta,
174 4050 279 4097 occisam
301 4050 398 4105 volunt,
417 4063 447 4096 ne
467 4049 522 4111 quis
541 4063 571 4096 ex
592 4049 683 4096 semine
704 4049 792 4096 Priami
813 4054 960 4111 superesset.
979 4067 991 4092 »
1007 4049 1042 4096 Da
1058 4048 1115 4108 Vir,
1134 4048 1203 4096 Ono-

80 4122 208 4170 mastz'con
223 4119 258 4183 (v.
276 4120 392 4180 Creusa).

109 4191 132 4240 4.
153 4193 295 4251 Pausanias,
314 4191 346 4250 X,
363 4191 415 4239 26:
435 4189 553 4255 Λέσχεως
569 4191 594 4242 δὲ
613 4192 657 4241 καὶ
678 4190 700 4253 [ὃ
721 4189 848 4253 ποιήσας]
860 4192 906 4253 ἔπη
925 4190 956 4242 τὰ
971 4187 1074 4254 Κύπρια
1089 4191 1201 4242 διδόασιν

80 4261 220 4328 Εὐρυδίκην
234 4271 340 4326 γυναῖκα
353 4258 448 4328 Αἰνείᾳ.
466 4261 552 4308 Ennius
567 4269 662 4325 qnoque
679 4261 822 4323 Eurydicem
839 4262 979 4325 appellabat
991 4263 1096 4325 priorem
1108 4263 1204 4312 Aeneae
1284 4279 1286 4283 ’

31 4338 33 4345 ’
80 4335 207 4397 conjugem
224 4348 230 4380 ι
247 4349 270 4383 v.
288 4334 398 4391 Servius,
412 4333 436 4379 in
452 4331 588 4381 Aeneidem
603 4331 622 4391 l,
636 4331 692 4391 273,
710 4331 749 4391 Vl,
766 4333 805 4381 77.
