2844 4928
221 293 241 355 a
672 313 749 358 raas
773 313 877 359 aaron.

219 485 338 551 fabula
352 484 562 574 (quanquam
576 485 657 553 huic
672 487 906 576 Astyanactis,
927 487 978 553 illi
997 486 1258 555 Andromachae
1278 513 1346 555 no-

221 615 300 659 men
310 593 596 682 inscriptumfuit)
607 596 752 684 primam
767 594 1012 661 Andromacha
1021 617 1205 684 personam
1218 598 1342 683 egerit.

221 700 357 790 Quippe
385 701 419 766 in
444 701 571 790 quibus
591 701 735 767 Hecuba
761 725 915 791 quoque,
946 702 1120 790 Polyxena
1146 708 1180 768 et
1200 703 1346 770 Cassan-

219 807 294 890 dra,
312 815 385 874 tum
401 808 648 898 Neoptolemus
670 814 703 874 et
722 810 937 895 Agamemno
959 814 992 875 et
1010 808 1138 896 Ulyxes
1158 815 1191 875 et
1217 811 1346 878 Nestor

221 920 255 981 et
284 914 428 982 Calchas
456 938 526 981 non
554 916 602 981 ita
632 916 723 982 leves
746 920 861 1006 partes
890 917 1092 985 sustinuisse
1124 918 1342 986 videantur¹.

219 1023 339 1112 Neque
365 1022 605 1090 tantummodo
633 1022 675 1088 de
696 1023 914 1111 Astyanactis
942 1022 1046 1090 caede
1075 1024 1255 1108 agebatur,
1280 1026 1345 1094 sed

221 1136 254 1196 et
273 1130 316 1196 de
336 1131 511 1197 nonnullis
536 1130 628 1212 aliis;
650 1152 776 1220 nempe
797 1130 839 1196 de
865 1130 1058 1218 Polyxenae
1088 1132 1230 1199 interitu
1245 1133 1269 1216 ²,
1298 1133 1343 1199 de

220 1238 394 1304 retardato
416 1239 627 1306 Graecorum
646 1237 765 1304 classis
786 1238 900 1303 exitu³
921 1238 1030 1304 donec
1054 1238 1231 1306 Achilleae
1263 1263 1345 1306 um-

220 1346 303 1411 brae
324 1350 472 1412 mactata
490 1344 664 1433 Polyxena
684 1346 894 1414 satisfactum
914 1345 1014 1427 foret,
1031 1346 1114 1410 item
1127 1345 1171 1411 de
1186 1346 1342 1413 dissidiis

120 1463 122 1466 ’
220 1451 309 1517 inter
334 1452 553 1518 Achaeorum
577 1451 682 1518 duces
706 1457 850 1541 propter
873 1451 1126 1541 pulcherrimae
1155 1452 1343 1520 Priamidis

218 1558 311 1625 illius
330 1580 452 1625 necem
467 1559 597 1628 obortis
609 1558 630 1623 ⁴.
650 1558 739 1638 Quin
754 1559 856 1623 etiam
875 1560 911 1623 in
925 1558 1080 1624 Enniana
1093 1559 1212 1626 fabula
1226 1560 1342 1650 Neop-

251 1758 273 1807 1.
295 1757 411 1815 Rransox,
427 1756 536 1806 deam.
555 1757 641 1821 Troy,
661 1771 685 1817 p.
702 1754 813 1814 raa-tta,
835 1754 947 1803 lta-tto.
965 1753 1068 1803 Calchas
1092 1755 1117 1803 in
1133 1756 1266 1818 tragoediis
1290 1757 1343 1806 illis

220 1828 319 1877 easdem
335 1828 409 1876 terme
422 1843 483 1890 quas
500 1828 607 1876 Tiresias
623 1828 646 1874 in
663 1826 762 1888 OEdipo
777 1830 879 1889 tyranno
891 1830 972 1888 partes
986 1826 1133 1874 sustinuisse
1148 1828 1255 1878 videtur.

250 1902 273 1951 2.
292 1900 328 1948 ot.
350 1901 458 1958 Brasaca,
475 1915 516 1962 op.
532 1901 587 1955 cit..
604 1914 628 1960 p.
646 1897 698 1959 139,
716 1899 746 1946 de
761 1898 870 1946 Enniano
886 1898 1038 1960 fragmento:
1055 1916 1067 1942 (ι
1083 1897 1236 1948 Acherunsia
1249 1901 1344 1963 templa

219 1973 268 2021 alta
281 1970 346 2030 Orci,
364 1972 459 2020 Pallida
469 1972 527 2030 leto,
541 1970 626 2018 nubila
640 1970 748 2018 tenebris
763 1969 827 2017 Loca
842 1969 934 2017 salvete
948 1968 1056 2019 intera...
1069 1987 1080 2012 a
1092 1969 1168 2028 Quam
1182 1970 1281 2033 quidem
1289 1987 1344 2020 ma-

220 2043 409 2105 gniloquentiam
428 2042 571 2105 Astyanacti
585 2045 635 2089 tum
653 2055 729 2102 paene
749 2040 835 2088 intanti
854 2054 901 2087 non
917 2040 1062 2087 convenisse
1079 2039 1189 2088 Ribbeck
1204 2042 1343 2092 rectissime

217 2115 320 2176 judicat.
332 2141 361 2150 —
378 2113 450 2175 Cujus
463 2117 541 2160 tamen
557 2113 665 2175 opinioni
680 2125 730 2160 non
744 2111 881 2158 adsentitur
891 2111 917 2158 L.
934 2111 1046 2158 Musrnan
1062 2111 1141 2172 (Enni
1154 2115 1181 2160 et
1194 2113 1276 2162 Naevi
1291 2113 1341 2164 rel.

218 2185 274 2246 225,
289 2181 354 2248 227).
374 2211 406 2221 -
421 2184 446 2230 ln
471 2185 555 2232 eadem
579 2183 649 2230 Ennii
675 2182 767 2240 tabula,
786 2182 899 2230 Hecubae
924 2182 988 2239 filiae
1009 2196 1068 2230 snae
1085 2182 1223 2246 Polyxenae
1240 2186 1342 2233 eaedem

220 2257 379 2318 spectavisse,
395 2255 457 2303 illud
472 2268 567 2318 quoque
582 2253 640 2301 mibi
656 2257 693 2301 est
708 2253 840 2300 indicium:
858 2272 869 2296 r
882 2252 931 2300 Sed
940 2253 1010 2315 quasi
1026 2253 1238 2316 lerrnmautlapis
1253 2256 1341 2314 Durat,

219 2332 329 2376 rarenter
343 2327 456 2390 gemitum
472 2329 558 2374 conatu
573 2324 680 2382 trahens,
695 2343 705 2368 n
726 2324 901 2387 quodquidam
921 2323 1034 2372 Hecubae
1050 2325 1149 2372 silenter
1165 2326 1257 2374 dolenti
1280 2327 1342 2375 mire

219 2400 350 2447 convenire
365 2399 470 2447 videtur.
488 2396 534 2459 (ot.
553 2395 696 2457 Euripideas
713 2395 835 2453 Troadas,
848 2396 889 2443 ubi
908 2395 1007 2444 Hecuba
1025 2397 1148 2458 longiores
1165 2401 1189 2446 et
1205 2399 1343 2447 rhetoricas

219 2485 277 2519 snae
292 2485 368 2518 nurus
383 2470 496 2533 querelas
508 2468 606 2530 oblique
622 2467 763 2529 vituperat.)

250 2543 277 2590 In
299 2542 405 2590 Acciana
422 2542 479 2589 item
492 2540 582 2596 fabula,
598 2553 686 2587 versus
703 2539 761 2586 iste:
781 2538 905 2587 «Utinam
925 2539 1020 2587 unicam
1039 2539 1071 2585 mi
1086 2540 1211 2588 antistitan
1226 2541 1341 2604 Arquite-

218 2628 280 2662 nens
295 2629 362 2661 suam
377 2613 491 2661 Tutaturt
512 2631 523 2655 υ
539 2611 653 2660 Hecubae
667 2610 844 2658 deCassamlra
856 2611 977 2673 loquentis
988 2625 1042 2658 esse
1060 2611 1153 2662 debuit.
1166 2612 1213 2674 (Cl.
1228 2613 1339 2676 Brasaca,

218 2685 244 2736 d.
260 2690 326 2737 raim.
342 2687 427 2748 Troy,
444 2700 468 2748 p.
486 2683 672 2745 tls-ttoni.)
685 2709 716 2719 -
729 2682 764 2730 De
780 2683 834 2730 istis
848 2687 927 2730 autem
941 2683 1055 2731 versibus
1067 2684 1133 2731 Accii
1148 2684 1223 2746 (apud
1233 2686 1340 2747 Nantua,

219 2757 259 2808 ed.
285 2759 312 2808 L.
329 2758 450 2815 Naaman,
469 2756 498 2815 ll,
517 2771 541 2818 p.
558 2754 630 2817 tob:
648 2773 659 2798 «
674 2754 795 2802 Abducite
810 2754 883 2812 intro,
901 2769 958 2802 nam
973 2754 1004 2801 mi
1020 2755 1189 2803 miscritudine
1204 2755 1342 2808 Commorit

218 2833 324 2879 animum
339 2828 437 2877 excelsa
458 2826 555 2889 aspecti
574 2825 690 2887 dignitas,
708 2844 718 2868 n
738 2825 837 2886 conjicit
860 2825 972 2886 Brasaca,
990 2825 1040 2888 (op.
1056 2826 1111 2884 cit,
1129 2825 1241 2890 rra-416)
1264 2831 1342 2879 verba

219 2901 294 2948 luisse
310 2898 497 2963 Agamemnonis
512 2897 543 2945 de
559 2897 712 2956 Cassandra,
734 2897 815 2944 minus
830 2895 900 2957 bene,
917 2900 943 2944 ut
957 2897 1053 2958 opinor,
1070 2911 1124 2945 cum
1136 2898 1167 2946 de
1186 2898 1286 2947 Hecuba
1301 2901 1341 2949 vel

218 2972 389 3020 Andromacha
401 2970 468 3018 dicta
483 2969 579 3017 facilins
593 2967 731 3030 intellegas.

250 3043 273 3094 3.
292 3042 442 3091 Narrabatur
459 3054 555 3103 quoque
571 3040 681 3098 forsitan,
703 3043 728 3087 nt
742 3040 838 3101 opinor,
854 3042 986 3101 tempestas
1001 3053 1064 3101 quae
1084 3039 1230 3091 Graecorum
1245 3043 1343 3092 abeun-

219 3116 279 3164 tium
292 3115 394 3162 elassem
409 3113 439 3160 ab
454 3113 502 3160 alto
518 3111 631 3174 probibet
647 3125 652 3158 ε
668 3111 699 3159 cf.
716 3111 814 3171 Eamus,
830 3111 860 3159 tr.
876 3109 930 3158 Vlll
944 3125 949 3157 :
965 3129 976 3154 a
994 3111 1065 3172 Rapit
1079 3125 1109 3159 ex
1124 3113 1173 3161 alto
1191 3127 1265 3162 naves
1279 3116 1341 3164 veli-

218 3186 296 3236 volas.
314 3204 325 3229 »
336 3212 366 3220 -
377 3183 503 3246 Conjicere
519 3197 648 3244 possumus
664 3182 769 3230 tabulam
783 3183 916 3229 Ennianam
931 3181 956 3228 in
966 3181 1027 3228 duas
1040 3186 1122 3243 partes
1136 3184 1211 3232 tuisse
1219 3185 1339 3234 divisam:

219 3258 243 3305 in
260 3258 339 3319 priore
355 3257 496 3318 Astyanax,
514 3253 538 3300 in
553 3253 630 3301 altera
645 3253 769 3313 Polyxena
791 3253 970 3312 immolabatur,
985 3251 1092 3300 medium
1108 3268 1165 3303 vero
1187 3257 1265 3304 tenuit
1278 3262 1342 3304 tem-

219 3334 303 3392 pestas
313 3332 336 3376 et
351 3325 483 3388 impeditus
498 3340 511 3372 a
524 3324 576 3372 Diis
592 3323 739 3372 Graecorum
754 3324 890 3372 discessus,

250 3401 272 3449 tr.
292 3399 328 3448 Cl.
344 3399 434 3446 Acciun
449 3395 514 3459 apud
527 3396 622 3443 Noxrun
634 3395 684 3457 (ed.
699 3396 726 3444 L.
741 3395 863 3454 hlamma,
879 3395 897 3453 l,
913 3394 984 3458 131):
1002 3413 1013 3438 a
1030 3394 1068 3443 Nil
1083 3397 1157 3444 oredo
1172 3399 1339 3461 auguribus...

218 3473 253 3520 Tu
274 3470 364 3519 Calcha
387 3470 458 3516 linem
484 3467 627 3530 religionum
652 3468 701 3527 lao;
721 3467 805 3515 »item
830 3467 923 3514 Eamun
947 3466 1012 3528 apud
1036 3467 1147 3516 eumdem
1172 3469 1199 3531 (l,
1216 3485 1240 3532 p.
1259 3470 1338 3534 ibit:

220 3543 309 3601 «Quid
326 3542 360 3600 nt,
376 3545 422 3590 etc.
440 3558 451 3583 n
468 3538 504 3589 Ct.
519 3539 633 3597 iliacam,
650 3553 689 3600 op.
710 3540 751 3587 eit.
772 3552 796 3599 p.
814 3537 926 3588 tas-139.
942 3565 972 3572 -
988 3536 1053 3594 Quas
1070 3543 1149 3586 autem
1169 3541 1340 3591 dissensiones

220 3617 245 3664 L.
263 3615 375 3663 Mosarna
391 3611 478 3674 (Errat.
495 3613 520 3658 et
534 3610 614 3658 Naeui
633 3609 690 3669 rel,
712 3609 952 3672 permemoratur
967 3613 1066 3670 propter
1086 3609 1161 3658 solam
1175 3613 1275 3667 caedem
1288 3615 1340 3661 As-

219 3685 338 3749 tyanactis
350 3685 458 3738 obortas,
472 3682 529 3744 quia
539 3682 632 3728 scilicet
646 3681 802 3729 artificiosius
815 3684 838 3728 et
854 3695 901 3727 una
921 3678 1056 3739 simplicius
1072 3680 1117 3728 luit
1131 3682 1202 3729 unius
1217 3684 1247 3730 de
1263 3685 1339 3735 caede

219 3758 267 3820 agi.
288 3755 337 3803 Sed
356 3754 414 3801 mihi
439 3752 589 3815 probabilior
613 3752 777 3800 Ribbeekiana
796 3751 915 3799 sententia
934 3750 1044 3810 videtur,
1067 3755 1091 3798 et
1114 3752 1148 3800 ita
1164 3767 1252 3801 censeo
1270 3757 1339 3817 qnod

219 3827 358 3890 tragoediae
383 3824 481 3882 latinae,
511 3824 574 3871 sicut
596 3828 619 3871 et
642 3824 797 3880 comoediae,
826 3822 958 3883 scriptores
978 3835 991 3868 a
1014 3821 1160 3870 Graecorum
1184 3825 1341 3886 simplicitate

219 3899 376 3948 abhorruisse
391 3896 523 3943 verisimile
539 3899 584 3945 est.
601 3895 741 3957 Quanquam
760 3895 790 3942 de
813 3894 859 3941 hoc
874 3893 943 3939 aliter
964 3891 1005 3940 alii
1024 3893 1087 3941 inter
1111 3895 1195 3943 doctos
1215 3898 1336 3957 sentiunt,

219 3970 326 4032 tragicos
347 3966 551 4030 quemadmodum
575 3966 681 4014 comicos
707 3969 794 4026 poetas
820 3963 1045 4012 contaminatione
1072 3979 1130 4012 usos
1154 3981 1209 4014 esse
1240 3969 1338 4030 opinor.

220 4043 330 4091 Ceteram
349 4041 373 4088 in
389 4040 467 4101 ipsius
488 4038 614 4100 Euripidis
638 4035 780 4084 Troadibus
797 4035 887 4097 duplex
907 4035 994 4082 caedes
1012 4040 1065 4094 est,
1083 4034 1223 4099 Polyxenae
1242 4044 1266 4087 et
1287 4042 1340 4089 As-

219 4113 348 4177 tyanactis.
373 4111 506 4158 Ennianum
526 4113 550 4156 et
570 4109 700 4156 Accianarn
722 4107 827 4155 tabulam
853 4106 922 4153 titulo
942 4120 987 4153 suo
1010 4107 1083 4168 plane
1108 4110 1264 4170 respondisse
1290 4127 1339 4162 non

219 4184 385 4233 necessarium
401 4185 447 4230 est.
463 4180 528 4229 liaeo
542 4180 605 4228 enim
623 4179 815 4235 Andromacha,
831 4177 874 4227 illa
889 4178 1029 4240 Astyanax
1040 4178 1136 4240 vulgoa
1150 4182 1241 4242 populo
1256 4186 1340 4246 appal-

219 4257 324 4314 labatur,
346 4256 402 4318 quia
426 4266 511 4314 nempe
535 4266 592 4313 pars
615 4250 658 4299 illa
681 4250 822 4312 tragoediae
842 4249 883 4296 ubi
907 4250 946 4297 vel
968 4249 1140 4297 Andromacha
1163 4251 1276 4311 abducta,
1299 4256 1339 4304 vel

219 4328 344 4391 Astyanax
366 4324 484 4374 amatris
508 4323 635 4384 complexu
665 4323 765 4370 avulsus
787 4335 814 4369 ac
838 4320 1013 4383 praecipitatus
1044 4321 1146 4369 maxime
1174 4328 1339 4385 spectatorum

219 4412 373 4448 romanorum
388 4394 581 4447 misericordiam
595 4394 715 4443 movebat.

223 4588 367 4658 Δ
