2844 4928
154 325 217 391 146
570 344 646 389 raas
669 344 852 390 rosrnmoa.

195 521 305 586 Nemo
325 525 452 600 autem,
471 540 584 608 spero,
608 518 743 607 putabit
763 517 879 586 inedia
898 518 1048 608 quadam
1070 519 1205 605 ingenii
1223 523 1275 586 aut

153 629 257 694 animi
304 628 456 694 siccitate
496 625 689 712 Vergilium
732 625 820 692 illud
864 627 1002 694 vitasse.
1047 625 1273 707 Concedatur,

153 756 295 824 quaeso,
316 733 430 817 nobie,
451 733 550 799 illum
569 755 637 799 non
657 733 771 801 minus
791 733 879 800 bene
899 755 1010 823 quam·
1022 733 1145 820 gallici
1167 734 1235 815 isti,
1258 756 1276 799 a

151 842 279 931 quibus
308 842 472 930 carpitur,
499 846 635 930 poetae,
662 840 842 908 Laviniam
868 863 966 908 suam
994 840 1198 927 confingere
1218 863 1275 930 po·

151 951 271 1031 tuisse,
294 950 341 1016 ita
360 953 398 1014 ut
427 970 530 1014 unam
557 953 591 1013 et
618 948 693 1038 ipse
718 949 860 1015 istarum
886 949 1085 1038 puellarum
1113 948 1276 1015 conderet

152 1078 238 1145 quas
255 1057 355 1123 etiam
372 1056 660 1146 praestantissimi
679 1055 769 1122 iuter
782 1061 918 1125 nostros
935 1055 1119 1124 Scaenicos
1141 1055 1275 1144 saepius

149 1164 245 1250 justo
255 1163 411 1230 fecerunt
420 1168 557 1231 teneros
569 1146 794 1229 su'os'amores
809 1163 863 1229 vel
872 1164 907 1229 in
919 1185 1044 1230 scaena
1057 1163 1273 1252 suspirare...

152 1269 245 1336 Illud
265 1270 406 1337 demum
424 1271 602 1359 requirere
622 1269 721 1337 decet
740 1275 856 1336 utrum
877 1276 957 1337 tunc
976 1292 997 1337 a
1016 1292 1052 1335 se
1069 1269 1150 1358 ipsa
1171 1270 1276 1336 amari

151 1377 306 1467 profiteri
328 1376 471 1444 Lavinia
490 1376 622 1459 debuit,
643 1377 797 1443 Aeneam
816 1400 860 1444 au
880 1377 1061 1443 Turnum?

196 1482 296 1564 Quod
316 1485 343 1550 si
363 1484 513 1550 Turnum
535 1506 555 1549 a
575 1506 609 1549 se
630 1483 728 1570 diligi
748 1484 862 1550 verbis
878 1491 912 1550 et
925 1506 962 1550 re
985 1488 1105 1572 aperte
1126 1506 1275 1573 pronun-

151 1589 317 1674 tiavisset,
344 1591 486 1680 raptori,
516 1596 553 1656 ut
581 1591 630 1657 ita
660 1591 783 1673 dicam,
813 1591 999 1681 persimilis
1022 1590 1162 1658 Aeneas
1186 1592 1274 1657 visus

149 1695 270 1765 fuisset
292 1721 299 1767 :
321 1697 413 1764 unde
432 1699 539 1784 igitur
558 1699 626 1764 alia
644 1698 765 1764 lectori
785 1698 966 1765 offerretur
984 1719 1106 1779 causa„
1124 1721 1189 1764 cur
1204 1720 1275 1764 ma-

148 1803 226 1890 jore
242 1805 370 1871 invidia
385 1805 558 1892 trojanum
577 1805 733 1886 beroem,
746 1806 886 1893 majore·
897 1811 1017 1873 contra
1035 1805 1275 1872 benevolentia

153 1911 308 1980 Turnum
328 1917 610 2003 prosequeretur.
627 1966 655 1978 ..

195 2020 348 2087 Aeneam
361 2026 480 2086 contra
498 2018 642 2086 Lavinia
661 2020 728 2086 sibi
748 2020 857 2108 magis
876 2019 1014 2110 placere
1039 2018 1270 2105 significante,

151 2128 268 2194 nescio
293 2150 336 2194 au
360 2126 593 2193 subridiculus
612 2127 733 2194 fuisset
751 2128 829 2217 pius
849 2129 964 2209 herm,
977 2126 1036 2215 qui
1056 2125 1203 2215 quidem
1221 2126 1273 2192 fri-

144 2234 235 2319 gido
265 2257 333 2324 quo
363 2239 425 2317 est,
447 2273 491 2284 —
522 2238 556 2300 et
580 2255 656 2300 esse
679 2240 817 2325 oportet
839 2255 880 2301 ac
904 2233 1014 2315 decet,
1036 2272 1080 2282 —
1104 2233 1272 2316 animo,a

150 2341 262 2408 tribus
290 2365 357 2408 uno
380 2342 415 2408 in
442 2346 601 2431 poemate
629 2341 845 2424 mulieribuS,
868 2341 1004 2431 quietus
1033 2345 1068 2406 et
1089 2339 1271 2430 impertur

150 2448 252 2515 batus
270 2450 358 2538 ipse,
381 2456 514 2515 amatus
533 2449 680 2515 luisset?

194 2556 352 2623 Eundem
383 2579 465 2623 vero
493 2561 658 2645 tanquam
688 2556 910 2623 liberatorem
936 2575 1123 2645 oppressae
1154 2555 1228 2621 sive
1253 2577 1272 2622 a

149 2664 265 2730 Turno
291 2670 442 2753 raptore,
466 2664 537 2729 sive
557 2662 692 2729 aduris
712 2663 927 2753 parentibus,
952 2662 1116 2729 Lauiniae
1141 2661 1268 2736 induci,

146 2770 234 2837 illud
262 2770 403 2860 quidem
430 2769 617 2837 Voltairi0¹
654 2775 687 2837 et
719 2770 845 2836 decimi
883 2769 1021 2859 septimi
1051 2768 1110 2834 vel
1148 2767 1271 2836 decimi

147 2879 258 2945 octavi
284 2878 412 2944 saeculi
440 2877 547 2945 Gallis
575 2877 746 2966 placuisse
775 2877 1007 2965 intellegimus
1034 2897 1042 2944 :
1069 2875 1270 2962 longissime

146 3008 228 3052 vero
256 2985 477 3052 abhorruisse
506 2985 561 3050 vel
588 2984 632 3051 ab
670 2986 891 3075 antiquorum
924 2983 1059 3064 studiis,
1094 2984 1270 3050 amatoriis

133 3083 251 3159 'rebus
275 3093 384 3160 multo
411 3094 525 3162 minus
549 3114 654 3182 quarn
678 3096 834 3159 recentes
857 3093 893 3158 in
915 3090 1135 3182 poematibus
1165 3091 1271 3158 inser-

146 3201 324 3283 vientium,
359 3201 413 3266 vel
442 3199 707 3287 aVergilianae
734 3199 897 3271 Aeneidis
929 3198 1092 3286 religioso
1120 3219 1163 3265 ac
1192 3220 1270 3264 vere

147 3330 291 3375 romano
306 3309 453 3398 'consilio
473 3308 696 3397 perspicuum
718 3313 780 3374 est.

190 3416 283 3502 Ergo
293 3415 380 3481 nihil
395 3415 518 3481 melius
534 3437 638 3501 agere
652 3415 764 3505 potuit
775 3414 920 3483 Lavinia
934 3434 1039 3504 quam
1049 3412 1137 3478 nihil
1151 3434 1269 3500 agere,

146 3524 324 3612 nullaque,
348 3529 385 3589 ut
405 3522 540 3612 opinor,
555 3522 743 3609 excogitari
763 3526 904 3613 possent
923 3520 1030 3587 verba
1049 3542 1139 3609 quae
1161 3520 1271 3607 magis

148 3652 224 3697 eam
243 3629 406 3696 decerent
425 3650 530 3718 quam
550 3629 754 3695 silentium².

178 3832 200 3880 l.
217 3833 343 3894 Vomime,
366 3834 445 3884 Essai
469 3849 517 3883 sur
541 3835 569 3883 la
592 3834 681 3898 poesie
704 3835 805 3898 e'pique,
830 3833 891 3883 1733
914 3848 921 3882 ε
942 3853 954 3879 «
976 3832 1001 3883 ll
1023 3831 1119 3896 fullait
1136 3835 1272 3899 peut-&tre

147 3895 261 3968 qu'b'ue'e
275 3909 319 3953 erit
333 3909 349 3955 d
364 3905 477 3954 de'liorer
491 3906 596 3954 Luoiuie
607 3905 672 3954 d'un
686 3906 797 3963 ennemi,
811 3903 901 3968 plural
911 3904 973 3969 qu'd
986 3904 1132 3954 combatlre
1145 3919 1185 3954 uu
1191 3908 1272 3972 jeune

147 3979 172 4025 el
194 3975 308 4025 aimoble
329 3980 422 4026 amant
445 3977 491 4041 qui
511 3979 585 4026 auoit
611 3980 669 4026 toul
689 3978 720 4026 de
743 3976 827 4026 droz'ts
847 3990 892 4024 sur
911 3975 990 4026 elle...
1005 3975 1029 4025 ll
1049 3990 1067 4025 a
1087 3979 1146 4039 trop
1161 3974 1224 4026 l'uir
1236 3975 1272 4025 du

147 4048 278 4097 ruoisseur
292 4048 324 4097 de
338 4048 453 4108 Lauinio,
464 4048 615 4113 j'uimeruis
632 4049 698 4115 qu'z‘l
712 4065 743 4098 en
757 4050 802 4111 fu‘t
817 4048 840 4097 le
851 4062 995 4111 reopeur...
1012 4048 1065 4098 Une
1083 4045 1144 4096 telle
1158 4047 1271 4112 disposi-

150 4120 205 4169 tion
221 4123 266 4168 eor
281 4123 323 4169 ‹fle'
336 4135 387 4170 une
400 4135 489 4169 source
503 4121 535 4169 de
550 4120 656 4170 beantes
671 4118 801 4170 nouvelles
812 4137 822 4177 ,·
836 4119 931 4183 tepere
944 4122 970 4167 et
985 4118 1013 4168 lo
1026 4119 1096 4168 mere
1111 4119 1143 4168 de
1157 4120 1271 4178 namne,

149 4194 216 4240 cette
226 4192 308 4256 jeune
322 4193 451 4255 princesse
464 4193 553 4251 me‘me,
570 4196 671 4242 eussent
689 4208 720 4242 eu
740 4192 785 4241 des
802 4205 979 4256 persoouuqes
988 4189 1052 4255 plus
1070 4190 1272 4242 convenarum

146 4276 258 4326 ymber.»

183 4334 206 4382 2.
226 4333 297 4381 Suam
313 4349 366 4383 esse
381 4351 452 4398 posse
466 4337 505 4386 vel
523 4336 643 4384 inertibus
660 4338 772 4399 personis
792 4336 910 4397 leporem,
930 4334 969 4382 vel
992 4334 1074 4382 tacitis
1095 4332 1270 4398 eloquentiam,

150 4409 236 4468 argute
252 4405 410 4456 demonstrat.
427 4408 454 4459 C.
471 4409 580 4468 Maurus,
595 4422 634 4472 op.
651 4408 705 4469 cit,
720 4422 744 4473 p.
763 4405 875 4457 loa-109.
