2844 4928
151 300 196 364 74
609 320 685 367 raus
708 323 813 369 emon.

151 493 271 583 Neque
290 494 396 580 igitur
414 515 542 561 novum
568 501 603 561 et
626 496 829 564 inusitatum
852 494 999 585 quodvis
1017 494 1160 562 Aeneae
1191 495 1268 563 aetia

150 604 209 665 aut
229 599 329 666 dietis
347 601 448 668 inest.

194 705 303 772 lmmo
328 713 461 789 eontra,
483 709 591 774 multo
612 709 724 775 minus
741 709 853 796 justas
873 714 907 775 et
929 708 1132 798 prohabiles
1154 730 1270 775 oausas

149 811 230 880 Jaso
251 814 474 904 Theseusque
493 815 666 882 Ariadnae
687 839 726 883 ao
746 817 888 885 Medeae
908 816 1124 884 deserendae
1144 815 1271 884 habue-

149 926 240 1002 runt,
268 944 373 1011 quam
393 922 536 992 Didonis
561 924 727 992 Aaonus'.
750 924 907 1014 Namque
931 946 1045 1014 neque
1065 924 1151 1006 ullu,
1170 930 1209 990 ut
1227 924 1272 990 vi-

149 1028 275 1113 dimuS,
296 1029 423 1096 Didoni
442 1037 655 1100 sacramento
671 1054 706 1098 se
727 1032 893 1118 alligavit,
910 1038 944 1098 et
964 1031 1270 1099 monstrataaDiis

148 1139 387 1228 promissaque
406 1160 525 1225 regna,
547 1161 611 1205 nee
635 1140 702 1206 sibi
721 1141 833 1207 solum
854 1139 1037 1224 destinata,
1065 1140 1129 1207 sed
1149 1140 1220 1207 suis
1240 1144 1272 1206 et

147 1245 218 1311 filio
232 1245 255 1328 ²,
277 1247 503 1336 quaesiturus·
515 1246 599 1315 abit.

191 1353 343 1421 Eaedem
364 1378 447 1442 ergo
463 1356 571 1422 ferme
584 1357 615 1422 ei
629 1362 707 1424 sunt
717 1357 965 1448 relinquendae
976 1355 1121 1423 Didonis
1132 1376 1268 1436 causae,

148 1483 238 1551 quae
274 1461 391 1550 Ulyssi
418 1463 664 1553 relinquendae
692 1464 809 1532 Cineae
841 1470 901 1532 aut
933 1463 1162 1552 Calypsonis3
1190 1462 1270 1528 dum

147 1575 267 1636 contra
284 1570 383 1654 nihil,
405 1572 471 1637 nisi
489 1570 677 1655 fastidium,
698 1573 883 1656 Theseum,
913 1573 980 1638 nisi
1003 1571 1209 1661 potentioris
1233 1593 1269 1636 ao

147 1676 279 1744 ditioris
299 1679 451 1777 conjugii
469 1678 623 1762 ambitio,
644 1679 806 1746 Jasonem
824 1681 953 1747 incitat.

191 1783 289 1851 Unde
309 1786 415 1871 igitur
438 1785 477 1851 fit
514 1792 551 1852 ut
582 1787 736 1853 Theseus
766 1810 805 1853 ae
828 1786 910 1854 Jaso
939 1785 1137 1872 legentibus
1168 1784 1267 1852 nobis

146 1892 255 1957 multo
275 1894 388 1960 minus
407 1894 507 1961 invisi
529 1899 563 1959 et
581 1894 708 1980 ingrati
728 1895 795 1960 sint
814 1917 951 1984 quam«
974 1895 1051 1983 pius
1074 1919 1090 1955 a
1105 1892 1268 1959 Aeneas?

149 1999 260 2080 Quam
279 2000 325 2066 ob
344 2022 484 2066 oausam
504 2000 548 2066 ab
567 2000 636 2066 illis
657 2007 801 2081 amatae,
823 2003 929 2067 immo
954 1999 1125 2067 abductae
1150 2019 1268 2066 secum

145 2106 292 2172 feminae
312 2107 560 2197 proditionem,
591 2112 757 2199 tanquam
776 2108 895 2174 fiotum
917 2107 1050 2198 aliquid
1075 2106 1264 2187 hahemuS,

146 2235 215 2302 quo
243 2214 387 2280 nimium
416 2215 545 2280 moveri
575 2215 670 2282 nullo
699 2214 801 2282 modo
829 2214 965 2297 deeeat;
997 2219 1158 2304 quartum
1186 2235 1266 2278 vero

145 2319 308 2388 Aeneidis
327 2320 456 2387 librum
470 2322 602 2409 legem,
615 2345 717 2389 nemo
737 2328 799 2406 est,
822 2324 956 2414 opinor,
978 2323 1037 2411 qui
1056 2343 1126 2387 non
1144 2319 1268 2410 plusve

146 2429 303 2495 minusve
324 2428 460 2497 Aeneae
481 2435 692 2513 succenseat,
715 2430 802 2497 adeo
821 2437 860 2497 ut
877 2453 969 2497 nuno
997 2429 1100 2496 etiam
1129 2451 1199 2495 non
1225 2429 1268 2498 sit

146 2536 335 2603 absurdum
356 2536 399 2602 de
419 2538 524 2607 rebus
543 2538 617 2604 istis
638 2538 826 2628 disputare,
847 2539 1070 2626 Aeneamque
1086 2542 1145 2602 aut
1165 2558 1267 2602 aeeu-

146 2666 222 2714 sare
254 2649 313 2710 aut
339 2646 525 2711 excusare?
551 2644 619 2712 Cur
645 2645 795 2734 denique
824 2668 902 2711 aum
935 2644 1081 2730 Vergilii
1119 2643 1267 2710 multum

145 2750 301 2831 referret,
316 2752 364 2818 ita
383 2751 483 2819 electi
501 2757 534 2817 et
553 2751 669 2816 dilecti
688 2751 803 2819 herois
828 2752 936 2819 verba
960 2758 993 2819 et
1021 2756 1097 2818 aeta
1126 2773 1267 2841 compo-

145 2880 227 2924 nere
248 2864 281 2923 et
301 2880 483 2948 exponere,
506 2864 544 2924 ut
563 2880 702 2949 semper
720 2859 780 2925 ille
799 2859 996 2943 laudabilia,
1022 2864 1056 2925 et
1084 2858 1264 2940 honestae,

147 2969 180 3030 et
200 2965 458 3031 commendatus
478 2966 665 3032 leotorihu's
685 2972 787 3042 esset,
811 2989 957 3055 cumque
977 2967 1093 3056 reipsa
1116 2965 1267 3031 multum

144 3072 180 3137 in
199 3071 265 3139 hoo
283 3072 497 3142 insudavisse
518 3073 710 3140 credendus
730 3075 772 3139 sit
799 3079 912 3164 poeta,
941 3079 1056 3140 tamen
1086 3073 1204 3161 inepte
1235 3079 1269 3138 et

146 3177 241 3267 loqui
262 3185 295 3245 et
313 3201 416 3265 agere
436 3181 570 3247 Aeneas
599 3180 770 3264 videatur,
799 3203 839 3247 ao
869 3181 1156 3270 vituperationem
1185 3202 1268 3246 nos-

145 3290 235 3351 tram
254 3291 358 3375 atque
376 3287 541 3353 invidiam
558 3287 720 3356 subeatt.
735 3342 764 3354 ..

191 3392 266 3459 Non
287 3393 449 3484 equidem
468 3394 524 3460 hie
543 3393 689 3480 Vergilii
706 3396 742 3461 in
755 3395 985 3482 confingenda
998 3396 1136 3462 Aeneae
1150 3396 1271 3465 indole

146 3500 366 3589 imperitiam,
389 3499 451 3566 sed
470 3501 610 3567 nimiam
630 3502 664 3566 in
692 3501 921 3568 describenda
944 3502 1077 3569 Didone
1104 3504 1273 3592 peritiam

144 3607 315 3673 incusem.
343 3604 478 3697 Quippe
502 3631 590 3697 quae
621 3609 760 3696 ingenio
793 3616 827 3676 et
855 3611 1008 3677 moribus
1037 3610 1137 3676 valde
1168 3611 1274 3682 dissi-

145 3714 236 3782 milis
256 3714 458 3780 mulieribus
478 3715 532 3797 iis,
556 3737 641 3804 quas
661 3716 742 3783 Jaso
762 3723 796 3783 at
814 3717 968 3783 Theseus
989 3718 1270 3807 dereliquerant,

144 3821 246 3886 nobis
266 3821 478 3888 ostendatur.
499 3822 652 3888 Ariadna
682 3825 773 3889 enim
802 3828 836 3889 et
860 3823 981 3890 Medea
1008 3825 1052 3891 ab
1081 3825 1273 3914 Apollonio

145 3933 179 3993 et
198 3926 331 3994 Catullo
351 3927 586 4018 depinguntur
600 3935 764 4019 tanquam
777 3931 870 3998 leves
881 3934 1154 4022 temerariaequo
1166 3936 1274 4023 puel-

143 4033 248 4117 lulae,
270 4036 379 4121 ignoti
398 4034 564 4103 haetenus
585 4038 711 4104 amoris
735 4040 1014 4128 eoncupiscentia
1035 4039 1270 4130 trepidantes,

174 4311 198 4362 1.
218 4309 254 4360 Cf.
271 4310 416 4370 Coumumu,
434 4310 547 4370 lotrad„
566 4325 590 4375 p.
604 4310 634 4361 12
646 4316 670 4362 et
685 4311 723 4363 13.

174 4382 198 4433 2.
216 4384 293 4443 Aen„
310 4382 352 4445 lV,
368 4380 483 4434 354355.
