2844 4928
149 296 190 362 18
605 321 681 365 mas
704 320 809 367 raros.

53 583 56 589 Ι
146 490 271 558 faciem
304 515 345 559 ex
374 494 584 580 imaginibus
615 494 786 562 artificum
818 498 967 579 constat,
999 496 1059 585 qui
1087 501 1272 585 poetarum

147 600 303 688 vestigiis
322 602 477 671 cominus
496 602 624 669 instare
642 603 733 670 soliti
753 608 860 669 erant.

192 705 275 774 Illae
295 713 411 776 autem
431 714 510 775 sunt
530 732 652 777 causae
676 732 738 777 our
760 709 804 776 de
826 708 980 777 Ariadna
998 709 1153 797 Vergilio
1174 711 1273 780 dives

147 835 216 879 non
236 817 440 906 suppetierit
459 825 637 910 ψυχολογικὴ
658 825 832 894 beardaneu.
854 817 955 883 Teste
976 818 1065 883 euim
1085 818 1272 886 Plutarcho

149 919 302 1009 Creticae
336 924 473 1014 puellae
502 945 586 1010 erga
616 923 788 992 Theseum
817 946 971 991 amorem
1005 925 1118 991 subito
1151 931 1274 992 natum

149 1048 224 1094 esse
244 1034 279 1096 et
293 1031 473 1115 exarsisse,
492 1054 532 1097 ex
548 1054 616 1120 quo
636 1032 786 1121 primum
803 1036 1018 1121 spectaverat
1030 1033 1090 1099 illa
1104 1033 1276 1118 gladiato-

147 1135 235 1202 riam
254 1137 368 1204 herois
396 1138 646 1221 fortitudinem,
675 1139 805 1228 antiqui
830 1144 953 1228 poetae
971 1139 1125 1206 fecerant
1141 1141 1163 1222 ¹,
1185 1140 1275 1206 nihil

148 1245 297 1335 amplius
321 1269 433 1336 neque
458 1246 617 1313 subtilius
643 1246 685 1313 de
709 1246 776 1313 hoc
800 1268 916 1313 amore
941 1248 1177 1336 quaerentes².
1199 1247 1275 1315 Nec

147 1350 227 1441 plus
246 1375 385 1443 operae,
406 1358 502 1444 puto,
520 1356 555 1420 in
570 1353 800 1427 describenda
819 1354 974 1420 desertae
990 1355 1131 1443 virginis
1147 1354 1273 1445 despe-

147 1460 280 1527 ratione
299 1460 562 1551 impenderant³
579 1482 587 1528 :
605 1463 733 1529 etenim
748 1485 817 1528 non
831 1461 891 1528 diu
904 1462 949 1530 ab
961 1462 1115 1530 Ariadna
1130 1484 1271 1553 exspec-

179 1666 202 1717 1.
223 1665 304 1725 Thes„
317 1681 340 1715 c.
355 1679 412 1726 x1x;
428 1664 508 1725 Dion,
524 1663 566 1727 lV,
579 1665 619 1727 61,
637 1666 661 1716 5.

177 1736 201 1787 2.
220 1738 345 1787 Eummnus
357 1737 455 1801 quidem
471 1736 593 1786 Theseum
607 1742 776 1800 composuerat
791 1738 832 1801 [ci.
852 1738 972 1797 Wauuaa,
983 1753 1023 1802 op.
1035 1739 1091 1794 cit,
1105 1752 1131 1800 p.
1146 1738 1193 1787 710
1202 1753 1270 1803 sqq,;

147 1808 280 1870 1111111111,
291 1825 317 1873 p.
331 1808 377 1858 ‘133
392 1809 458 1872 sqq.)
469 1810 494 1857 in
506 1824 554 1872 qua
566 1823 624 1858 sane
638 1809 763 1873 tragoedia
778 1810 850 1858 heros
863 1809 893 1857 ab
908 1809 1017 1857 Ariadna
1031 1809 1207 1871 adamabatur;
1225 1812 1272 1860 sed

147 1894 177 1928 ex
198 1881 248 1928 illis
266 1881 372 1943 primum
396 1895 458 1945 quae
480 1885 613 1942 supersunt
634 1880 777 1943 fragmentis
794 1881 834 1942 (11.
854 1895 880 1938 11,
900 1895 934 1938 rv,
946 1897 970 1938 v,
988 1896 1020 1940 11,
1036 1896 1061 1942 n,
1076 1881 1116 1930 ed.
1133 1882 1271 1944 Waunua),

147 1951 236 2000 deinde
257 1967 286 2000 ex
308 1953 431 2015 Euripidis
457 1953 550 2014 tragica
570 1951 653 2000 indole
674 1951 900 2015 philosophicisque
920 1952 1009 2000 studiis
1031 1952 1211 2015 conjiciendum
1232 1959 1274 2002 est

147 2025 235 2074 Thesei
250 2026 364 2073 virtutem
376 2038 404 2073 ac
414 2024 559 2087 sapientiam
572 2024 645 2072 multo
660 2023 801 2086 ampliorem
816 2024 893 2072 inilia
904 2023 985 2072 fabula
997 2025 1077 2072 locum
1090 2039 1161 2087 quam
1172 2029 1273 2074 teneros

145 2095 270 2146 Ariadnae
294 2096 396 2144 allectus
415 2095 560 2145 obtinuisse.
583 2094 654 2143 Adde
677 2095 743 2157 quod
765 2094 922 2158 Hippolytum
944 2109 1048 2158 quoque,
1070 2095 1157 2145 Thesei
1182 2097 1271 2159 silium,

143 2170 194 2231 jam
208 2177 265 2216 natu
289 2167 455 2230 grandiorem,
471 2181 600 2228 personam
619 2167 644 2215 iu
666 2181 694 2214 ea
715 2165 822 2228 gessisse
840 2166 953 2214 videmus
972 2166 1012 2229 (tr.
1034 2167 1099 2229 vrn);
1121 2167 1273 2230 chorumque

146 2245 223 2288 totum
238 2238 398 2301 compositum
415 2239 489 2286 tuisse
506 2252 536 2286 ex
548 2237 745 2286 adolescentibus
760 2237 794 2299 (et
808 2238 890 2285 forsan
905 2237 1103 2299 adolescentulis)
1116 2252 1176 2300 quos
1191 2237 1273 2287 Athe-

146 2312 245 2360 nienses
261 2311 286 2358 in
301 2309 396 2358 Cretam
411 2311 506 2357 mittere
520 2309 631 2357 solebant
645 2309 782 2357 Minotauro
793 2309 955 2370 objiciendos,
969 2308 1035 2359 haud
1049 2310 1155 2358 absurde
1165 2311 1273 2372 conjecit

148 2382 279 2431 Watcnaa.
296 2381 366 2430 Unde
381 2381 462 2443 colligi
478 2384 558 2443 potest
571 2386 699 2443 paternum
716 2379 803 2427 Thesei
820 2394 936 2438 amorem,
952 2384 1034 2428 natum
1046 2380 1182 2431 horrendae
1197 2382 1272 2430 morti

146 2456 243 2517 eripere
257 2453 370 2512 volentis,
385 2453 528 2515 tristemque
543 2452 685 2500 devotorum
704 2465 833 2513 puerorum
851 2455 949 2509 sortem,
970 2452 1074 2514 denique
1096 2453 1210 2514 injustam
1225 2453 1270 2501 im·

147 2527 260 2591 piamque
271 2524 424 2574 Cretensium
438 2525 526 2587 legem,
543 2523 674 2586 praecipua
684 2522 758 2570 fuisse
771 2522 912 2584 euripideae
928 2522 1024 2570 fabulae
1034 2527 1183 2585 argumenta.
1195 2522 1272 2572 Prae-

146 2603 215 2647 terea
229 2597 250 2645 si
266 2615 278 2641 a
293 2594 395 2644 Daedali
408 2595 511 2644 consilio
526 2612 539 2638 1
554 2594 593 2642 vel
608 2612 620 2638 1
636 2593 742 2641 factione
759 2611 770 2636 a
785 2593 867 2654 (sicuti
882 2607 897 2640 a
911 2592 1035 2652 Venerato,
1051 2595 1126 2651 Aen„
1142 2593 1182 2653 Vl,
1199 2594 1230 2642 28
1245 2599 1272 2643 et

147 2683 162 2716 a
183 2667 282 2726 Scauro,
302 2666 329 2714 iu
351 2666 416 2714 Aen.
433 2665 477 2726 Vl,
498 2665 540 2724 11,
561 2665 653 2728 pariter
678 2664 834 2727 memoratur)
858 2663 977 2712 Theseum
997 2678 1010 2713 e
1030 2665 1180 2728 Labyrintho
1199 2666 1272 2714 inco-

147 2741 234 2789 lumem
250 2752 376 2800 egressum
391 2737 521 2799 Euripides
535 2741 559 2785 et
572 2737 626 2798 ipse
641 2736 761 2796 finxisset,
774 2739 840 2783 tanto
855 2736 932 2797 magis
948 2736 1088 2784 imminutae
1103 2736 1126 2782 in
1142 2737 1272 2798 tragoedia

147 2810 270 2860 Ariadnae
285 2814 367 2872 partes
381 2808 488 2862 fuerunt,
504 2809 632 2870 minusque
655 2807 771 2855 audaciae
794 2811 818 2854 et
838 2808 990 2855 strenuitatis
1012 2807 1066 2868 ejus
1087 2806 1162 2856 amori
1180 2809 1268 2858 iuerat.

148 2882 300 2945 (Quanquam
315 2879 416 2928 Daedali
429 2880 494 2941 apud
510 2880 629 2938 Hrumuu,
650 2879 673 2926 in
690 2878 738 2926 lah.
755 2892 810 2937 1111,
831 2892 909 2941 neque
931 2879 995 2941 apud
1018 2879 1153 2938 Drouoauu,
1169 2879 1210 2938 lV,
1227 2878 1268 2939 61,

147 2954 237 3002 nullam
253 2952 305 3000 fieri
320 2952 466 2999 mentionem
484 2950 581 3001 fateor.)
1021 2955 1024 2962 '

180 3024 215 3075 cf.
231 3037 328 3087 quoque
344 3023 374 3071 de
384 3022 515 3084 Euripidis
530 3022 625 3069 Theseo
648 3035 711 3084 quae
736 3022 870 3083 disputavit
891 3021 919 3070 Ο.
942 3022 1003 3071 11111
1028 3021 1077 3084 (op.
1099 3023 1151 3083 cit,
1169 3037 1193 3084 p.
1208 3022 1270 3070 251-

147 3097 213 3160 255).
231 3095 305 3156 Cujus
320 3109 365 3156 ego
381 3095 529 3156 conjecturis
545 3108 593 3142 non
608 3094 705 3141 omniuo
721 3093 856 3142 adsentior.
880 3092 940 3141 Nam
963 3107 1018 3141 cum
1041 3094 1125 3142 credat
1145 3093 1270 3143 Ariadnae

148 3181 254 3218 amorem
269 3180 381 3228 magnum
398 3166 422 3212 in
438 3165 521 3213 tabula
534 3165 643 3212 tenuisse
658 3164 746 3222 locum,
768 3164 857 3211 sentiat
879 3167 959 3211 tamen
982 3163 1046 3212 huuc
1067 3178 1172 3212 amorem
1192 3165 1269 3213 multo

148 3240 228 3288 minus
241 3236 376 3299 jucundum
391 3235 467 3283 tuisse
482 3254 494 3279 1
513 3250 584 3284 werin
604 3235 733 3297 [Theseus]
753 3233 794 3283 uls
813 3233 1017 3283 Fumih'enouter
1036 3236 1156 3299 sustitit,
1174 3254 1185 3279 a
1207 3236 1268 3299 Hip-

147 3311 257 3374 polytum
272 3308 349 3357 fuisse
365 3306 416 3354 vult
434 3320 483 3354 non
497 3307 585 3355 Thesei
608 3306 693 3364 filium,
710 3306 751 3354 sed
773 3320 802 3354 ex
820 3306 1010 3355 Atheniensibus
1028 3308 1110 3368 pueris
1130 3307 1268 3357 Minotauro

148 3382 238 3430 obtatis
255 3393 336 3428 unum.
353 3379 384 3426 At
399 3392 457 3426 vero
473 3378 563 3425 tradita
579 3377 703 3425 veteribus
718 3377 808 3425 tribulis
829 3382 898 3426 erant
915 3392 1043 3439 puerorum
1064 3379 1149 3427 horum
1169 3380 1270 3428 uomina

147 3453 187 3518 (V.
205 3452 289 3511 Scau,
306 3451 329 3497 iu
347 3450 422 3507 Aen,
438 3447 479 3507 Vl,
495 3447 551 3509 21);
567 3462 628 3510 quae
641 3462 684 3496 cur
696 3447 827 3510 Euripides
838 3452 929 3496 mutare
939 3454 1104 3510 opportunum
1120 3451 1267 3509 censuisset,

147 3524 291 3573 nonvideo.

179 3593 249 3653 Quod
264 3594 285 3642 si
300 3594 324 3641 in
338 3593 400 3642 alias
411 3593 476 3655 apud
492 3591 598 3640 Graecos
613 3591 711 3639 inducta
726 3591 770 3638 tuit
780 3582 888 3639 Ariadna
898 3591 1036 3653 tragoedias
1052 3593 1084 3655 (e.
1101 3609 1135 3656 g.,
1150 3594 1174 3640 in
1189 3593 1268 3642 Tnao-

147 3681 235 3717 naaria
252 3665 383 3722 Theseum,
400 3664 492 3726 dequo
510 3678 534 3712 ν.
552 3663 673 3721 Wnauan,
689 3677 730 3725 op.
746 3664 803 3720 cit,
823 3678 846 3724 p.
864 3661 927 3724 116),
947 3664 972 3710 in
990 3664 1021 3710 iis
1032 3665 1191 3726 ‘potissimum
1209 3665 1269 3714 des-

148 3739 227 3800 cripta
249 3738 325 3785 fuisse
345 3736 477 3784 verisimile
497 3740 534 3783 est
555 3737 607 3782 sive
627 3734 773 3782 Minotauri
794 3749 807 3782 a
826 3734 921 3782 Theseo
936 3735 1034 3783 caedem
1053 3735 1151 3798 (811111,
1169 3752 1192 3798 p.
1210 3737 1267 3796 257,

147 3825 173 3860 n.
187 3809 225 3864 11,
240 3808 310 3866 laun,
328 3822 351 3869 p.
366 3806 495 3868 abiasap
511 3807 562 3854 sive
574 3806 682 3867 Dionysi
697 3819 750 3853 cum
765 3805 874 3853 Ariadna
885 3819 996 3853 amores:
1011 3806 1041 3854 de
1054 3821 1101 3869 quo
1116 3807 1268 3858 1111111110-

127 3931 131 3937 ,
148 3895 263 3938 11011111,
289 3879 388 3942 Spmp„
408 3878 442 3925 IX
457 3880 538 3940 (quem
553 3878 611 3924 citat
625 3876 706 3934 Erus,
723 3876 907 3939 Gorninenturp
926 3892 958 3925 on
976 3877 1107 3935 Catullus,
1128 3894 1150 3941 p.
1172 3879 1228 3941 280)
1245 3886 1270 3930 et

148 3953 231 4012 Braca,
247 3965 287 4012 op.
304 3950 355 4010 cit,
370 3964 393 4011 p.
407 3949 461 4008 225,
477 3948 531 4004 238,
547 3947 602 4006 280,
618 3961 642 3995 n.
658 3947 698 3997 21.
708 3974 739 3982 -
753 3947 829 3996 Multo
843 3947 949 3996 rariores
963 3949 1062 3997 inventu
1079 3954 1134 3998 suut
1149 3951 1268 4012 imagines

147 4024 216 4081 illae,
237 4022 278 4070 ubi
300 4020 389 4070 Thesei
408 4034 462 4068 cum
481 4018 590 4067 Ariadna
608 4033 702 4066 amores
721 4033 749 4067 ac
768 4019 867 4080 nuptiae
890 4020 1036 4068 referuntur.
1058 4021 1138 4084 (11111,
1158 4038 1181 4083 p.
1203 4023 1266 4083 255;

147 4095 231 4154 Bracu,
248 4108 272 4156 p.
283 4090 338 4149 226,
354 4092 383 4140 de
400 4091 464 4153 picto
479 4105 537 4138 vase
552 4089 617 4152 quod
629 4110 640 4133 a
657 4089 856 4148 Fruupoisvuse
872 4109 883 4132 1
899 4090 988 4138 dictum
1002 4096 1053 4151 est;
1069 4107 1093 4155 p.
1109 4093 1200 4151 1511.
1217 4094 1269 4158 15.)

178 4166 288 4228 Denique
304 4164 327 4210 in
343 4163 455 4211 scaenica
469 4162 609 4209 Latinorum
623 4161 690 4222 poesi
705 4160 794 4208 nullam
810 4159 886 4207 tuisse
901 4162 991 4208 scimus
1006 4162 1146 4223 Ariadnam,
1165 4165 1212 4211 uisi
1224 4178 1268 4212 co-

147 4237 232 4286 micam
247 4235 375 4299 quamdam
386 4233 535 4296 tragoediam
551 4233 588 4280 vel
603 4233 734 4295 satyricum
751 4231 836 4279 drama
853 4231 986 4294 Pomponio
1004 4232 1117 4282 Secundo
1131 4235 1265 4286 addictum.

178 4307 201 4357 3.
220 4307 285 4355 luter
306 4306 419 4367 antiquas
442 4305 569 4367 imagines,
585 4305 623 4352 vel
644 4317 705 4365 quae
724 4304 794 4365 ipsae
814 4307 953 4366 supersunt,
977 4304 1015 4352 vel
1036 4318 1098 4366 quae
1113 4306 1144 4354 ab
1159 4307 1266 4369 antiquis

149 4378 312 4442 scriptoribus
332 4376 514 4435 describuntur,
533 4378 561 4424 ut
577 4375 713 4424 Ariadnam
731 4373 859 4424 deflentem
878 4388 978 4437 paucae,
1001 4375 1036 4424 ita
1053 4376 1186 4426 Ariadnam
1208 4378 1267 4428 dor-
