2844 4928
448 559 592 629 CAPUT
619 560 857 629 SECUNDUM

514 780 554 825 uu
572 758 792 825 mosomum

647 1115 663 1182 Ι

131 1313 264 1380 Ambas
284 1312 461 1402 Euripidis
479 1312 616 1380 fabulas
639 1314 676 1380 in
701 1313 828 1402 quibus
847 1311 1093 1379 Andromacha
1119 1334 1215 1378 com·

86 1425 188 1512 paret
206 1418 362 1506 Vergilio
378 1425 456 1487 ante
477 1421 595 1487 oculos
615 1420 759 1487 adsidue
780 1420 933 1487 adfuisse
953 1419 1038 1486 mibi
1060 1441 1131 1485 non
1155 1417 1217 1484 du-

85 1529 186 1594 bium
206 1533 268 1593 est.
290 1525 492 1617 Inspicienti
511 1528 604 1593 enim
623 1527 658 1593 in
677 1528 780 1593 tertio
799 1526 964 1594 Aeneidis
974 1526 1065 1592 libro
1077 1524 1215 1592 Andro·

85 1634 230 1703 machae
246 1639 446 1701 contentum
464 1634 587 1721 viginti
607 1639 641 1700 et
659 1632 796 1701 duobus
816 1634 974 1703 versibus
995 1632 1040 1700 ad
1058 1633 1214 1699 Aeneam

86 1763 305 1831 responsum,
328 1746 462 1807 constat
480 1743 514 1807 in
535 1741 709 1831 prioribus
730 1746 894 1830 quattuor
911 1738 1213 1807 redditamaVer-

85 1849 171 1935 gilio
190 1849 296 1914 fuisse
319 1847 583 1915 Andromachae
603 1848 648 1914 ad
668 1848 848 1915 Hecubam
867 1849 1057 1915 orationem
1077 1847 1212 1937 quaein

86 1953 274 2022 Troadibus
292 1957 490 2039 iuvenitur3
514 1956 550 2021 in
577 1977 702 2022 novem
727 1978 810 2022 vero
838 1956 1075 2046 sequentibus
1103 1959 1211 2020 totam

87 2063 263 2153 Euripidis
298 2062 578 2131 Andromachum
607 2064 761 2130 breviter
793 2066 893 2153 quasi
926 2068 1136 2153 resumptam
1178 2067 1212 2128 et

86 2170 312 2252 collectam¹;
345 2192 426 2237 nam
458 2177 492 2237 et
523 2173 600 2261 ipsa
629 2171 671 2237 de
700 2171 946 2238 Andromacha
970 2192 1049 2239 eum
1079 2170 1211 2236 Heleno

85 2276 200 2344 denuo
219 2276 372 2343 nubente
392 2277 511 2344 fabula
536 2279 571 2343 in
600 2300 746 2365 graecae
777 2278 882 2365 hujus
910 2277 1108 2364 tragoediae
1137 2277 1212 2367 epi-

82 2385 164 2471 logo
184 2407 248 2474 per
270 2383 539 2474 praedictionem
558 2386 752 2451 narraturl.
875 2372 878 2378 ’

131 2491 228 2573 Quae
247 2497 363 2560 autem
384 2491 519 2559 addidit
538 2491 726 2580 Vergilius,
747 2515 924 2584 perpauca
940 2515 982 2559 ea
1001 2497 1091 2574 sunt,
1113 2491 1212 2557 mini-

83 2599 200 2688 mique
225 2621 307 2666 sane
336 2601 502 2667 momenti
516 2601 539 2665 ⁸.
572 2601 660 2667 Nam
687 2627 703 2662 «
731 2601 888 2667 sortitum
921 2627 937 2662 u
968 2605 1069 2690 capta
1093 2578 1208 2686 Troja,

82 2707 172 2773 sicut
192 2712 226 2772 et
245 2712 378 2774 ceteras
405 2707 572 2793 Trojanas
607 2706 887 2774 Andromacham
924 2733 940 2768 (ι
974 2707 1158 2797 pertulisse
1192 2733 1207 2768 n

81 2813 260 2900 Vergilius
278 2812 382 2895 dicit3
405 2812 575 2880 delectam
596 2814 664 2880 sibi
683 2836 840 2884 seorsum
860 2837 881 2881 a
898 2814 1128 2904 Neoptolemo
1140 2813 1210 2879 Eu-

80 2919 245 3010 ripides‘.
269 2921 441 2987 Helenum
461 2943 599 3010 quoque
620 2943 803 2988 concessae
824 2922 891 2987 sibi
905 2922 1002 3010 Epiri
1021 2926 1100 3011 post
1124 2920 1210 3008 Pyr-

81 3027 185 3094 rhum
222 3029 425 3094 exstinctum
461 3030 553 3118 parti
590 3027 781 3096 Chaonium
818 3050 944 3095 nomen
980 3027 1208 3118 imposuisse;

81 3156 296 3225 parvamque
313 3134 454 3222 Trojam

678 3258 876 3325 simulataque
891 3260 1008 3325 magnis

287 3341 429 3404 Pergama

83 3507 134 3574 ibi
160 3510 385 3577 constituisse.
423 3508 518 3590 Quae
561 3510 702 3600 quidem
735 3511 965 3599 etymologica
1006 3515 1055 3593 et,
1092 3515 1130 3576 ut
1163 3511 1210 3577 ita

116 3703 139 3752 1.
155 3702 240 3764 Parus,
258 3702 333 3767 Troy.
344 3717 426 3768 prees,
441 3707 460 3754 t.
473 3702 512 3762 ΙΙΙ,
525 3718 549 3766 p.
562 3702 607 3752 291
621 3717 626 3752 :
639 3724 651 3748 α
667 3705 703 3754 Lu
719 3705 851 3754 situation
866 3703 912 3753 des
921 3703 992 3753 deur
1001 3704 1210 3768 Andromuques,

85 3773 240 3837 d'Eoripide
255 3775 327 3824 etde
346 3774 455 3839 Virqtle,
476 3778 514 3824 est
529 3774 693 3825 ubsolumeot
709 3775 737 3825 lu
751 3777 850 3833 mamm
863 3794 875 3820 »
891 3791 914 3839 p.
929 3775 975 3825 293
994 3791 1000 3823 z
1017 3795 1028 3820 κ
1047 3777 1093 3825 Les
1108 3789 1165 3826 vers
1180 3777 1212 3825 de

88 3846 188 3912 Virqite
201 3850 261 3894 sont
276 3861 372 3895 comme
387 3846 516 3911 t'oaolyse
530 3851 556 3896 et
570 3847 734 3914 t'urpumeat
753 3847 784 3897 de
801 3847 829 3896 ta
846 3847 916 3911 pisce
930 3847 1099 3911 d'Euttpide.
1117 3866 1128 3892 »
1150 3846 1212 3897 Ceu-

85 3922 123 3966 set
138 3918 202 3966 idem
219 3916 335 3977 erdsur,
351 3918 514 3984 Ertrldruap,
531 3934 555 3982 p.
572 3919 611 3970 55.

116 3989 139 4040 2.
156 3990 292 4047 Androm„
309 3989 369 4038 1243
384 4004 437 4053 sqq.

67 4058 70 4065 '
115 4061 139 4110 3.
157 4059 193 4110 Ct.
210 4062 241 4110 de
257 4063 354 4111 levibus
365 4063 419 4109 istis
432 4062 586 4121 differentiis,
602 4060 725 4123 ertsm,
748 4061 916 4128 Erklr'r'ruoq,
935 4078 959 4125 p.
979 4063 1017 4113 55.
1036 4063 1063 4111 ln
1083 4063 1147 4112 Aeo.
1168 4061 1210 4122 ΙΙΙ,

84 4131 140 4193 333,
153 4132 311 4182 verisimilem
325 4135 488 4196 conjecturam
502 4131 613 4182 ertaua
630 4135 766 4197 proponit:
788 4154 800 4178 «
817 4135 894 4184 Morte
915 4134 1065 4198 Neoptolemi
1080 4147 1211 4196 regnorum
1237 4184 1239 4189 Α

85 4204 188 4253 eredita
202 4206 278 4254 cessit
292 4206 354 4253 Pars
369 4205 471 4253 Heleno.
489 4224 501 4249 »

116 4275 140 4326 l.
158 4277 222 4328 Aen.
242 4276 284 4337 ΙΙΙ,
299 4275 360 4338 323;
377 4276 472 4338 Eume,
489 4278 593 4332 Troud..
608 4277 655 4327 240
676 4292 730 4341 sqq.
744 4277 805 4338 2743
822 4277 940 4338 Pronum,
953 4277 1096 4327 Chrestom.
1110 4276 1210 4341 (Didot,

86 4362 111 4412 p.
128 4348 194 4412 584⁸)
205 4363 211 4409 ;
224 4348 326 4397 Tzerzss
340 4350 365 4397 iu
378 4349 509 4409 chornn„
527 4349 603 4410 12633
618 4351 720 4409 lusum,
735 4348 811 4410 XVII,
826 4363 861 4400 m.
