2844 4928
525 319 622 368 curor
647 320 819 369 secuunuu.
960 298 963 302 ’
1191 303 1235 369 29

159 493 312 561 Primum
337 495 499 584 equidem
525 496 673 564 observo
696 519 821 564 nomen
841 497 927 564 illud
947 497 1119 580 Hectoris,
1142 497 1237 587 quod

113 602 312 688 diligentius
332 604 377 669 ab
396 603 561 694 Euripide
580 610 789 687 removetur,
813 629 833 672 a
855 603 1006 692 Vergilio
1025 609 1144 672 contro
1163 627 1237 672 soe-

111 710 190 800 pius
210 710 357 776 accitum
377 711 542 778 revocari.
574 713 661 778 Nam
682 717 716 779 et
740 712 837 778 initio
864 712 964 779 nobis
991 712 1237 779 Andromacho

284 917 354 967 ante
368 915 472 968 urbem
488 915 519 966 in
532 914 598 968 luco
612 915 681 968 taisi
699 916 860 970 Simoentis
875 917 912 970 ad
926 917 1041 971 undam

117 1121 134 1156 u
155 1094 262 1162 cineri
277 1094 389 1164 libens
408 1123 425 1158 »
451 1096 655 1163 ostenditur.
679 1097 753 1164 Hoc
779 1104 892 1164 autem
921 1099 1035 1188 ipsum
1055 1097 1149 1186 quod
1167 1119 1236 1164 non

114 1200 198 1267 dicit
216 1206 320 1292 poeta
347 1203 445 1291 cujus
474 1203 580 1270 cineri
604 1203 706 1285 libet,
741 1205 896 1290 legentes
925 1203 1058 1270 inducit
1077 1209 1111 1269 et
1138 1204 1238 1293 quasi

114 1309 207 1393 cogit
226 1313 278 1391 ut,
302 1331 338 1374 se
356 1311 451 1399 ipsos
470 1311 735 1396 interrogantes
759 1311 914 1377 Hectoris
934 1311 1199 1377 reminiscantur
1211 1311 1233 1378 ¹.

113 1413 275 1482 Ceterum
293 1416 329 1482 in
348 1416 544 1506 insequenti
575 1439 678 1483 versu
698 1419 858 1507 explanat
878 1422 912 1484 et
937 1418 1013 1508 ipsc
1040 1416 1233 1503 Vergilius:

518 1656 567 1672 .....
583 1623 743 1686 Manesque
756 1624 879 1675 vocabat

409 1691 567 1742 Hectoreum
583 1693 621 1745 ad
636 1694 788 1747 tumulum
797 1695 816 1744 ¹.

113 1869 242 1936 lterum
268 1870 393 1937 deinde
422 1872 457 1937 in
483 1873 541 1954 iis,
571 1894 658 1962 quae
682 1874 795 1963 prima
819 1873 951 1962 profert
972 1871 1232 1955 Andromacha,

111 1976 228 2044 verbis
248 1979 442 2044 nominatur
462 1979 609 2047 Hector:

518 2182 659 2234 Vivisnc‘t
673 2186 733 2235 Aut
744 2183 770 2234 si
782 2183 835 2235 lux
846 2183 926 2235 alma
940 2183 1063 2236 recessit

392 2253 490 2303 Hector
505 2254 556 2306 ubi
576 2257 639 2306 cst‘l

112 2403 208 2470 Tunc
237 2427 318 2498 vero
350 2407 449 2494 quasi
475 2428 555 2471 caro
585 2406 645 2472 illo
679 2412 712 2472 et
738 2406 929 2472 venerabili
955 2407 1108 2487 nomine,
1140 2404 1233 2495 quod

90 2534 230 2578 secum
262 2513 363 2579 tacite
399 2513 637 2579 tantummodo
667 2520 824 2604 repetere
860 2512 992 2578 dudum
1028 2513 1129 2578 solita
1162 2517 1230 2593 est,

111 2641 204 2685 nunc
222 2620 375 2709 primum
402 2620 471 2686 alta
489 2642 572 2686 voce
594 2622 735 2704 emisso,
758 2621 856 2710 quasi
882 2620 1013 2710 sopitus
1039 2618 1234 2685 Androma-

111 2725 197 2792 chae
217 2725 317 2792 dolor
336 2732 556 2817 experrectus
578 2728 636 2810 sit,

546 2931 682 2984 lacrimas
698 2931 816 2995 effudit,
835 2935 865 2983 et
880 2943 997 2983 omnem

391 3002 529 3069 Implevit
544 3001 669 3055 clamore
682 3002 789 3055 locum.

109 3181 198 3248 Tum
218 3182 262 3248 ab
283 3182 400 3248 Aenea
419 3182 580 3272 loquente
603 3208 618 3242 u
641 3182 769 3247 Hector
790 3208 805 3242 u
834 3181 935 3246 tertio
954 3180 1148 3261 inducitur3
1171 3181 1231 3268 qui

111 3290 176 3356 etsi
196 3289 270 3376 jam
298 3295 412 3371 antee,
442 3290 619 3355 nuntiante
649 3289 756 3369 fama,
786 3288 987 3375 cognoverit
1013 3285 1231 3376 Neoptolemi

111 3396 295 3482 conjugem
322 3397 447 3462 factam
481 3419 555 3462 esse
583 3395 879 3476 Andromacham,
910 3416 1091 3483 nuperque
1127 3394 1230 3459 etiarn

111 3488 236 3570 certior
261 3505 371 3570 factus
397 3505 440 3569 sit
468 3504 599 3570 Heleno
626 3503 784 3569 eamdem
809 3502 845 3568 in
874 3503 1129 3568 matrimonium
1157 3521 1231 3567 ces-

110 3613 215 3694 sisse,
237 3634 312 3679 eam
332 3617 448 3678 tamen
468 3611 620 3678 Hectoris
638 3609 940 3677 Andromacham³
960 3608 1126 3699 appellat.

141 3889 164 3938 1.
183 3909 194 3933 u
209 3889 261 3936 Non
276 3888 339 3935 dixit
355 3888 440 3950 cujus,
464 3887 505 3935 sed
522 3887 577 3934 exin
592 3887 665 3935 letius
680 3884 831 3948 intelligitur.
849 3902 861 3927 »
877 3883 988 3933 Servius.

139 3962 163 4012 2.
182 3961 245 4009 Male
261 3964 350 4017 tomen,
369 3960 389 4007 si
407 3959 550 4007 Pseucutur
565 3958 703 4006 audiendus
722 3958 776 4005 sit:
800 3975 811 3999 (ι
830 3955 1031 4017 Mallem-inquit
1045 3955 1108 4003 enim
1123 3956 1231 4015 illesio-

108 4032 204 4082 cabulis
229 4031 402 4094 transpositis:
417 4028 528 4079 libabat
542 4029 624 4079 cineri
638 4029 758 4077 Hectoreo
774 4028 916 4091 Manesque
938 4025 1047 4076 uocabat
1060 4025 1231 4075 Andromache

88 4146 90 4150 .
109 4102 146 4154 ud
161 4103 321 4153 tumulum...
338 4101 417 4150 Verus
430 4107 509 4150 autem
522 4101 633 4149 Hectoris
647 4100 755 4148 tumulus
775 4102 828 4148 erat
847 4098 911 4160 apud
929 4098 1036 4158 Trojam.
1053 4116 1064 4141 υ
1086 4097 1152 4144 Nihil
1171 4110 1231 4146 vero

109 4179 147 4225 est
161 4190 209 4238 quo
224 4176 364 4237 conjecturo
379 4174 425 4221 ista
440 4173 557 4222 innitetur
573 4172 653 4221 lectio.

139 4245 163 4296 3.
182 4244 240 4294 Cum
251 4247 372 4304 Lauerna,
381 4242 623 4302 Hsuer,Cou1uorou,
632 4241 853 4290 Buuorsrlectioni:
864 4240 997 4289 «Hectoris
1012 4238 1199 4288 Andromachen
1205 4241 1231 4287 i»

109 4319 183 4382 plano
196 4318 329 4366 adsentior.
346 4315 381 4364 De
399 4316 444 4363 hoc
461 4315 515 4362 loco
529 4315 681 4376 disceptato,
698 4329 721 4361 v.
743 4314 887 4361 Pascuntur
908 4311 1000 4370 Hanni,
1016 4311 1143 4368 Housman,
1155 4309 1230 4362 iuli

109 4403 215 4439 versum.
