2844 4928
109 4738 120 4771 P

156 321 221 389 138
572 341 649 388 raas
672 341 855 391 rosrnuoa.

150 517 244 607 facit)
265 522 460 584 -certum
481 515 526 582 ad
545 518 686 584 exitium
705 516 945 608 proficiscitur.
970 517 1045 584 Non
1064 517 1115 584 ita
1134 539 1269 610 prorsus

153 624 295 692 Hectori
322 623 524 714 placuisset,
547 625 607 714 qui
630 625 763 714 praelia
781 626 1048 707 instauraturus,
1063 625 1116 692 dc
1138 626 1269 693 casibus

153 753 295 798 uxorem
315 730 490 814 etlilium,
513 731 541 798 si
560 732 703 821 perierit
721 732 813 822 ipse,
835 730 1072 816 manentibus,
1093 737 1270 824 tantopere

152 838 351 926 angitnrt..
374 837 450 906 Non
469 838 528 904 ille
547 837 702 929 profecto
719 839 861 906 incensa
874 838 980 926 'froja
992 840 1118 929 procul
1137 863 1161 907 a
1178 841 1271 908 relio-

150 946 195 1010 tis
224 945 295 1011 suis
320 971 336 1006 ιι
363 949 515 1012 extrema
539 946 637 1035 sequi
668 972 684 1008 ν
714 947 904 1013 maluisset.
928 984 972 995 -
993 945 1117 1013 Differt
1145 948 1182 1014 in
1211 947 1272 1015 hoc

151 1052 195 1118 ab
223 1052 407 1120 Homerico
426 1052 691 1120 Andromachae
710 1030 859 1142 conjuge
878 1051 1101 1140 Vergilianus
1122 1053 1271 1124 Creusae

152 1159 311 1247 conjunx.

194 1265 314 1356 Neque
333 1266 597 1334 Andromachae
617 1265 781 1336 Creusam
799 1269 911 1360 ipsam
932 1290 1007 1338 esse
1021 1269 1186 1352 similem,
1204 1270 1274 1338 sive

149 1375 280 1464 potius,
303 1378 341 1441 ut
358 1375 406 1440 ita
426 1374 554 1458 dicam,
576 1397 713 1466 parem,
736 1377 792 1443 vel
818 1376 932 1466 prima
955 1377 1030 1464 ejus
1051 1377 1165 1444 verba
1188 1379 1273 1445 mire

149 1479 329 1567 detegunt.

194 1587 369 1670 Quantum
389 1589 480 1655 enim
501 1588 659 1657 dissonae
675 1595 754 1657 sunt
773 1591 819 1657 ab
837 1590 1102 1658 Andromachae
1120 1591 1159 1658 in
1180 1598 1273 1659 sexto

148 1694 266 1761 Iliadis
286 1695 375 1761 libro
400 1694 711 1777 adhortationibus
738 1695 887 1764 Creusae
912 1699 947 1763 in
972 1697 1124 1765 secundo
1149 1698 1274 1766 Aenei-

149 1801 201 1868 dis
222 1801 266 1868 ad
292 1803 453 1869 maritum
478 1803 766 1892 supplicationes!
788 1803 864 1871 Scio
890 1805 1052 1894 equidem
1070 1806 1107 1871 in
1126 1806 1190 1872 illa
1209 1806 1273 1874 Ae-

148 1931 233 1975 neae
254 1909 460 1976 narrationis
483 1917 581 1999 parte
602 1910 709 1976 effuso
735 1911 770 1976 in
796 1911 918 1997 longas
942 1913 1102 2001 querelas
1121 1914 1273 1981 maerori

148 2038 216 2082 non
241 2038 316 2085 esse
343 2016 457 2082 locum
485 2038 599 2105 neque
623 2023 760 2107 tempus
782 2057 823 2066 -
843 2040 1042 2107 quanquam
1065 2020 1175 2109 paulo
1195 2026 1272 2088 ante

147 2122 241 2189 idem
268 2123 403 2188 Aeneas
432 2123 613 2189 verbosius
641 2125 793 2190 narravit
822 2147 908 2213 quas
941 2126 1016 2214 ipse
1045 2125 1088 2192 de
1117 2127 1273 2195 Anchisa

148 2229 306 2318 querelas
326 2228 465 2310 fuderit,
485 2251 562 2296 cum
577 2237 693 2296 tamen
712 2231 821 2297 cuivis
836 2229 1010 2298 difficilius
1025 2233 1069 2298 sit
1085 2233 1271 2324 minusque

148 2335 274 2402 decens
294 2336 401 2402 verba
419 2336 549 2403 referre
569 2359 631 2403 sua
650 2359 755 2427 quam
770 2337 893 2405 aliena.
910 2337 985 2405 Non
1000 2340 1108 2424 igitur
1125 2363 1271 2431 possum

148 2464 216 2508 non
241 2442 436 2509 existimare
456 2466 477 2509 a
495 2444 703 2533 peritissimo
722 2448 837 2533 poeta,
864 2466 928 2535 per
950 2445 1050 2512 istius
1070 2449 1270 2516 oratiuncu-

146 2548 212 2626 lae,
234 2555 397 2639 quattuor
414 2549 574 2616 versibus
594 2556 785 2631 contentae,
809 2551 975 2640 exquisite
991 2552 1125 2620 delecta
1145 2555 1267 2638 verba,

147 2658 246 2744 quasi
269 2656 409 2745 oblique
438 2657 626 2742 significari
649 2657 855 2746 quantulum
875 2657 1005 2726 Creusa
1023 2659 1059 2725 in
1078 2663 1200 2729 mariti
1219 2663 1271 2729 sui

146 2763 249 2830 domo
268 2764 447 2846 honorem,
465 2765 669 2853 quantulum
690 2765 726 2830 in
750 2763 908 2850 ejusdem
926 2787 1044 2832 amore
1071 2767 1193 2839 locum
1213 2769 1272 2836 ob-

146 2870 316 2938 tineat2...

286 3063 316 3116 Si
330 3064 480 3128 periturus
494 3064 570 3126 abis,
585 3069 616 3116 et
628 3077 682 3116 nos
696 3077 768 3130 rape
780 3065 811 3117 in
827 3067 925 3119 omnia
940 3072 1057 3130 tecum;

285 3145 333 3195 sin
347 3144 478 3209 aliquam
492 3150 633 3209 expertus
648 3145 775 3210 sumptis
791 3160 874 3213 spem
890 3148 975 3212 ponis
990 3150 1021 3200 in
1035 3149 1139 3215 armis,

284 3223 361 3277 hanc
376 3225 501 3289 primam
517 3229 613 3277 tutare
628 3224 759 3278 domum.

144 3393 265 3460 Nonne
303 3393 409 3459 habet
439 3393 613 3482 quandam
647 3397 836 3463 siccitatem
871 3397 938 3464 hoc
973 3426 990 3459 κ
1022 3408 1272 3486 argumentum

148 3501 279 3591 biceps,
304 3526 320 3565 ιι
342 3500 437 3591 quod
459 3507 613 3567 ceterum
635 3504 771 3572 Aeneas
795 3505 1005 3592 redarguere
1028 3528 1098 3574 non
1121 3511 1274 3599 posset?

179 3749 201 3800 1.
219 3747 309 3807 Iliad„
324 3747 365 3810 u,
380 3748 435 3810 no,
450 3746 497 3797 450
511 3763 547 3812 sq.
565 3763 571 3798 ι

400 3846 472 3898 ’All'
488 3846 518 3897 ott
530 3865 572 3911 μοι
586 3847 682 3912 Τρώων
696 3849 788 3898 τόσσον
804 3846 870 3910 μέλει
885 3846 959 3912 ἄλγος
972 3845 1072 3900 ὀπίσσω

394 3920 446 3970 οὔτ’
461 3914 537 3981 αὐτῆς
552 3917 672 3982 Ἑκάὸης,
689 3917 745 3970 ὅντε
759 3917 886 3984 Πριάμοιο
902 3918 1008 3978 ἄνακτος

396 3991 453 4042 οὔτε
465 3988 622 4054 κασιγνήτων
625 4027 674 4043 .....

395 4060 484 4112 ”οσσον
500 4061 550 4112 σεῖ’
559 4061 600 4112 ὅτε
614 4061 655 4112 κέν
670 4080 705 4119 τις
725 4061 839 4126 Ἀχαιῶν
850 4062 1041 4128 χαλασγιτὸνων

396 4127 567 4196 δακρύοεσσαν
583 4131 703 4198 ἄγηται...

224 4227 301 4288 leid„
317 4227 362 4277 las
378 4228 474 4287 τΠόσις
489 4224 601 4293 δ’ἔλέηστ
613 4229 706 4294 νόησας

396 4300 478 4365 χειρί
494 4300 523 4351 τέ
538 4319 586 4364 μιν
602 4301 775 4366 κατέρεξεν,
792 4303 849 4360 ἔπος
865 4303 964 4369 τ’ἔφατ’
978 4303 1189 4365 ἕκτόνὸμαζεν.

179 4398 201 4445 t'.
219 4399 288 4447 Aea.
306 4397 333 4458 ll,
349 4397 396 4446 673
411 4413 464 4460 sqq.

167 4602 282 4632 Q
