2844 4928
485 242 584 315 curor
608 269 780 316 sneuuoou.
1134 247 1197 314 113

77 445 312 536 proiecturum
330 444 485 511 Aeneam
504 442 627 511 Latino
646 444 836 530 denuntiat,
854 444 960 535 quod,
976 448 1016 511 ut
1027 444 1199 533 interpres

78 552 220 643 quidam
239 550 374 635 voluit¹,
397 555 578 618 serenante
598 551 722 617 coelum
742 551 915 641 Aquilone
934 551 1078 618 facultas
1098 550 1201 618 datur

76 661 191 726 nautis
211 680 316 724 naves
335 656 569 743 gubernandi,
597 657 659 725 sed
683 659 869 748 praecipue
893 658 974 747 quia
996 663 1118 724 ventus
1141 658 1200 724 ille

76 767 141 833 luit
175 787 244 856 quo
272 767 308 832 in
328 765 512 832 orientales
533 770 662 834 tractus
682 765 804 856 procul
840 766 885 832 ab
908 765 1008 832 ltalia
1033 765 1201 836 abeuntes

78 874 307 942 auferrentur.
502 877 505 881 ’

122 980 253 1048 Verum
271 979 371 1047 nobis
387 979 558 1066 Vergilius
577 981 652 1070 ipse
672 980 871 1070 suspicandi
890 986 1009 1047 auctor
1030 985 1093 1062 est,
1112 981 1201 1066 regi-

76 1110 171 1170 nam,
185 1087 387 1175 conjugium
403 1087 542 1154 Aeneae
562 1110 641 1153 oum
660 1087 804 1155 Lavinia
822 1087 1066 1175 abnegantem,
1088 1088 1200 1154 minus

77 1196 169 1263 filiae
211 1217 293 1262 suae
332 1216 414 1261 casu
451 1216 557 1285 quam
595 1217 658 1262 sua
683 1187 793 1285 ipsius
820 1195 950 1282 injuria
976 1196 1199 1262 commoveri.

78 1301 225 1385 Quando
258 1303 367 1386 enim,
395 1288 584 1392 antequam
609 1303 750 1388 ingruat
775 1302 913 1384 Alecto,
944 1302 1060 1368 omnia
1082 1323 1201 1369 secum

77 1411 203 1477 Amata
220 1408 378 1493 revolvit,
400 1431 469 1475 non
489 1431 594 1499 super
613 1409 767 1492 Lavinia,
790 1408 853 1476 sed

286 1640 374 1693 super
386 1627 517 1681 adventu
532 1631 677 1682 Teucrum
694 1629 826 1695 Turnique
839 1630 994 1694 hymenaeis

79 1827 261 1894 sollicitam
298 1849 335 1894 se
370 1826 525 1918 praebet.
557 1825 665 1892 Filiae
699 1830 774 1892 tum
809 1825 950 1893 demum
981 1826 1197 1909 recordatur,

80 1957 158 2001 cum
182 1935 344 2001 maritum
364 1956 465 2000 suum
488 1933 692 2020 aggreditur
717 1933 897 2023 supplex²,
921 1933 969 2001 sio
984 1937 1100 1999 tamen
1120 1937 1201 2000 tuno

79 2043 183 2110 etiam
202 2043 329 2123 locuta,
351 2047 388 2108 ut
403 2041 641 2109 vehementius
656 2041 810 2107 Turnum
825 2040 869 2107 ah
888 2039 1007 2107 Aenea
1025 2041 1068 2106 de
1086 2042 1202 2107 matri-

79 2138 194 2217 monio
225 2150 387 2217 Lauiniae
413 2149 606 2230 detrusum,
637 2170 742 2237 quam
773 2147 910 2215 deditae
939 2175 955 2212 u
986 2148 1153 2238 praedoni
1183 2176 1199 2211 »

78 2258 243 2327 Laviniae
262 2257 395 2326 futuras
415 2277 598 2323 aerumnas
618 2255 746 2322 deflere
767 2255 934 2323 videatur.
949 2256 1089 2323 Parcius
1110 2257 1201 2324 enim

81 2393 98 2430 «
127 2365 170 2432 de
199 2369 280 2435 nata
303 2365 554 2446 lacrimatur»,
584 2363 768 2453 potiusque
796 2363 894 2429 inse
925 2363 1037 2454 ipsam
1065 2363 1201 2431 miseri·

50 2483 54 2489 ’
79 2472 233 2541 cordiam
253 2471 411 2559 conjugis
431 2471 484 2542 sui
504 2470 611 2538 allicit
637 2490 645 2537 τ

266 2695 325 2746 Nee
340 2697 368 2745 te
385 2691 508 2744 miseret
523 2695 670 2756 nataeque
684 2691 788 2756 tuique
1101 2746 1102 2751 ,

265 2786 320 2826 neo
334 2773 432 2822 marnis
448 2771 569 2824 miseret
584 2785 670 2837 Quam
685 2773 781 2836 primo
796 2772 943 2836 Aquilone
956 2773 1088 2837 relinquet

267 2854 407 2921 pertidus,
422 2852 485 2908 alta
499 2859 614 2918 petens
629 2853 758 2906 abducta
775 2852 899 2918 virgine,
915 2853 1052 2918 praedoi.

79 3065 133 3132 Ita
152 3062 307 3157 proiecto
327 3085 383 3130 res
404 3062 578 3144 sehabet,
601 3066 639 3128 ut
654 3061 753 3149 jusso
773 3061 834 3128 illo
861 3067 895 3128 et
914 3061 1077 3131 divinitus
1096 3062 1206 3130 indito

79 3172 299 3240 matrimonio
318 3171 469 3238 feminea
486 3169 631 3237 Amatae
653 3169 816 3259 superbia
840 3169 949 3236 multo
969 3175 1080 3256 magis
1100 3192 1206 3260 quam

79 3285 238 3346 materna
257 3280 381 3346 caritas
399 3277 569 3344 laedatur⁴
592 3276 732 3343 Jamdiu
748 3278 839 3343 enim
860 3276 1026 3358 Turnum,
1043 3282 1206 3366 nepotem

80 3409 195 3469 suum,
217 3385 263 3453 ed
282 3407 364 3452 suae
384 3385 476 3452 filiae
496 3383 697 3472 conjugium
724 3384 895 3452 reservari
917 3411 933 3445 «
954 3384 1060 3451 lixum
1079 3384 1205 3451 immo-

79 3490 224 3584 tumque
250 3492 365 3560 animo
394 3492 503 3562 sedet.
536 3519 552 3554 »
581 3491 680 3558 Nune
700 3495 816 3558 autem
836 3479 976 3558 externo
994 3513 1124 3577 genero
1144 3491 1206 3558 du·

80 3600 191 3669 aenda
217 3601 318 3686 virgo
346 3599 505 3681 traditur,
546 3620 651 3688 quem
681 3597 808 3666 Amata
833 3620 902 3665 non
930 3599 1042 3679 novit,
1076 3597 1203 3664 nedum

81 3708 255 3795 selegerit,
278 3708 403 3797 cuique
418 3708 540 3788 immo,
564 3706 712 3775 oraculis
731 3705 830 3788 freto,
853 3706 951 3792 regia
966 3705 1084 3795 puella
1102 3705 1205 3795 potiri

80 3817 185 3884 liceat
202 3815 258 3882 vel
279 3816 382 3881 etiam
401 3836 468 3880 non
488 3812 698 3880 eoncedente
717 3813 853 3894 Amata,
886 3812 942 3879 vel
960 3813 1065 3879 etiam
1085 3812 1205 3879 adver-

113 4121 136 4171 1.
155 4121 249 4179 Hanni,
266 4117 405 4176 Aeaciden,
423 4117 448 4164 in
460 4132 484 4166 v.
500 4115 552 4174 Vll,
567 4115 622 4166 361.

112 4193 136 4244 2.
158 4192 208 4254 VII,
225 4191 280 4241 358.

112 4264 137 4313 3.
155 4264 182 4313 In
196 4277 226 4312 ea
238 4276 311 4326 quam
320 4261 351 4309 de
363 4263 453 4312 Amata
465 4258 589 4322 Vergilius
605 4259 699 4323 accepit
712 4264 754 4310 ant
768 4263 894 4321 acceptam
908 4260 1009 4310 nutavit
1024 4258 1115 4320 tabula,
1127 4257 1203 4308 tilium

83 4348 154 4387 suum
165 4335 252 4386 Amata
264 4333 333 4398 priua
347 4332 459 4383 amisisse
473 4331 619 4381 narrabatur
632 4331 660 4395 (l.
675 4331 726 4391 vu,
742 4346 766 4380 v.
779 4330 876 4394 50-52.)
