2844 4928
672 329 749 377 PARS
773 329 879 378 PRIOR.

755 610 804 678 XI

371 823 414 867 DE
433 822 589 867 FURENTIS
608 821 737 866 DIDONIS
755 821 1050 867 IMPREGATIONIBUS
1070 822 1109 865 ΕΤ
1128 821 1183 864 ma

261 1039 384 1107 Nescio
402 1063 485 1107 vero
504 1063 546 1107 an
566 1041 617 1106 illi
636 1040 779 1107 Didonis
799 1040 946 1107 dolentis
967 1039 1064 1106 etad
1085 1038 1344 1106 submittendos

216 1149 348 1216 animos
373 1148 480 1215 nimio
507 1143 626 1215 dolore
646 1152 784 1214 coactae
803 1153 875 1214 tam
894 1151 1074 1213 accuratae
1095 1145 1341 1235 descriptioni,

215 1256 345 1345 optime
364 1260 530 1322 consonet
549 1277 601 1338 ea,
623 1277 712 1344 quae
741 1255 898 1343 sequitur
925 1276 989 1321 nec
1018 1254 1131 1319 minus
1161 1252 1344 1320 luculenta

217 1366 280 1446 est,
302 1363 443 1449 reginae
461 1362 618 1428 furorum
638 1363 831 1450 explicatio.

259 1469 409 1539 Maestus
439 1471 529 1536 enim
555 1469 612 1535 ille
640 1468 740 1534 dolor
773 1472 807 1534 et
831 1468 892 1535 illa
923 1470 1058 1545 attritae
1085 1467 1210 1534 mentis
1239 1467 1342 1557 quasi

214 1577 400 1669 prostratio
419 1582 491 1643 tam
509 1576 598 1643 bene
617 1580 693 1641 tum
708 1575 783 1661 ejus
798 1575 907 1665 ipsius
923 1575 1048 1642 indolis
1064 1573 1339 1657 accommodata,

215 1706 294 1751 cum
321 1683 493 1751 humanae
518 1683 611 1751 omni
630 1688 772 1749 naturae
792 1687 1024 1751 consentanea
1042 1682 1141 1750 nobis
1161 1681 1339 1762 videntur,

214 1796 253 1857 nt
276 1793 331 1857 vix
357 1791 498 1859 credere
525 1790 695 1881 possimus
722 1789 868 1856 eandem
895 1784 998 1856 illam'
1017 1789 1199 1856 mulierem
1232 1789 1341 1877 paulo

214 1903 294 1987 post
316 1898 525 1965 debacchari
546 1919 657 1985 nsque
685 1895 772 1962 adeo
792 1918 905 1986 posse.
929 1895 1094 1976 Quamvis
1113 1896 1168 1962 vel
1188 1895 1342 1961 maxime

213 2005 303 2071 inter
326 2026 362 2074 se
386 2004 621 2094 discrepantes
651 2002 805 2069 adfectus
827 2004 1008 2092 propiores
1035 2004 1094 2070 alii
1118 2003 1194 2069 aliis
1214 2024 1342 2068 revera

214 2132 396 2201 erumpere
416 2111 561 2194 soleant,
583 2110 740 2198 quamvis
760 2109 865 2176 effera
883 2111 927 2176 sit
943 2109 1032 2176 Dido
1062 2168 1063 2172 ,

447 2369 448 2372 ¹
514 2309 646 2359 mentem
660 2310 781 2372 <que>
795 2304 912 2358 insania
928 2309 1037 2370 mutet;

214 2475 371 2566 quamvis
398 2477 501 2543 etiam
520 2475 706 2566 Vergilius,
735 2501 776 2544 ea
800 2483 940 2569 quaest
963 2477 1126 2560 sollertia,
1153 2499 1217 2567 per
1242 2475 1342 2544 lenta

213 2583 354 2652 demum
377 2586 590 2652 incrementa
611 2585 731 2653 fecerit
753 2587 850 2653 illam
874 2586 919 2653 ad
947 2591 1098 2661 extrema
1118 2585 1244 2655 furoris
1271 2586 1341 2652 ad-

243 2807 337 2872 Eunm,
351 2807 430 2868 Mea,
444 2807 490 2858 502
506 2821 559 2872 sqq.
575 2821 582 2856 ε
595 2807 651 2859 Νῦν
665 2817 708 2859 ποῖ
722 2808 869 2874 τράπωμαι;
886 2807 986 2872 Πότερα
998 2809 1060 2871 πρὸς
1077 2808 1168 2872 πατρὸς
1184 2811 1287 2873 δόμους,

599 2882 640 2938 οὓς
655 2881 697 2930 σοὶ
714 2885 844 2944 προδοῦσα
857 2880 902 2931 καὶ
913 2878 1009 2944 πάτραν
1024 2875 1162 2946 &plateam

600 2949 635 3000 *H
649 2951 709 3015 πρὸς
724 2950 840 3009 ταλαίνας
854 2949 989 3016 Πελιάδας,
1002 2970 1026 3001 κ.
1037 2970 1060 3002 τ.
1074 2955 1097 3001 λ.

242 3023 290 3085 in,
311 3021 412 3088 suppl„
433 3021 493 3072 1094
508 3036 561 3087 sqq.
580 3036 586 3070 ε
603 3023 687 3075 .....Τι’
701 3022 731 3086 δή
746 3022 795 3090 χρὴ
811 3023 852 3073 τὸν
867 3022 1025 3087 ταλάιπωρόν
1042 3041 1071 3087 με
1085 3027 1161 3088 δρᾶν;

599 3093 712 3161 Στεὶχειν
724 3097 784 3159 πρὸς
795 3096 877 3153 οἴνους
885 3107 923 3158 ;,..

599 3165 637 3216 ’Ἡ
652 3167 713 3230 προς
729 3166 837 3230 μέλαθρα
849 3169 923 3217 τοῦδε
937 3165 1077 3224 Καπανέως
1093 3168 1172 3229 μόλω,
1184 3184 1207 3217 κ.
1223 3185 1246 3217 τ.
1262 3169 1286 3219 λ.

243 3237 341 3302 Eamus,
355 3237 434 3296 Med,
451 3236 480 3286 lr.
495 3250 512 3284 x
524 3234 654 3300 (Ribbeck)
671 3250 677 3286 :

398 3360 448 3414 Quo
459 3373 518 3404 nunc
532 3364 678 3404 mavortem?
690 3360 750 3417 quod
762 3361 804 3405 iter
818 3361 922 3417 incipiam
936 3360 1040 3418 ingredi?

395 3422 491 3467 Domum
504 3429 656 3480 paternamne,
670 3424 767 3468 ennead
782 3424 856 3468 Peliae
867 3424 940 3487 filiast

241 3541 343 3606 Aeone,
358 3541 399 3602 IV,
414 3540 460 3591 378
475 3556 513 3606 sq.
531 3556 537 3590 ε
555 3551 659 3601 ...meac
670 3541 751 3607 ἵξομαι
766 3541 866 3607 ὄμματα
881 3543 987 3608 πατρός;
1003 3561 1028 3594 κ,
1043 3561 1064 3592 τ.
1077 3547 1100 3593 λ,

211 3666 316 3730 denique
331 3666 442 3728 Carula,
460 3680 526 3726 miv,
548 3666 671 3716 lii-183:
688 3668 747 3717 Nam
767 3681 815 3730 qno
834 3682 872 3716 me
889 3667 1012 3718 reseram?
1027 3668 1233 3719 ...Dictaeos-ne
1253 3673 1339 3733 petam

210 3741 352 3789 montesi...
369 3739 407 3786 lln
422 3739 499 3801 patris
514 3738 631 3786 auxilium
646 3752 752 3800 sperem,
770 3743 816 3787 etc.

241 3809 274 3858 at
285 3824 344 3860 vero
354 3815 459 3874 egomet,
468 3837 496 3845 -
507 3810 619 3872 quamvis
629 3810 654 3857 in
665 3810 712 3858 ista
723 3810 836 3858 similium
848 3811 954 3858 locorum
965 3811 1093 3860 collatione
1104 3812 1257 3861 delectentur
1268 3813 1340 3865 docti

210 3882 257 3930 viri
271 3882 315 3944 (ci.
331 3882 423 3940 Trssor,
439 3881 565 3942 Ercuuorr,
583 3880 666 3940 Parra,
683 3881 826 3941 Couruuron,
839 3881 932 3944 llauar)
942 3908 982 3942 -,
996 3883 1143 3932 imitationes
1158 3885 1212 3932 illas
1226 3899 1275 3932 non
1290 3900 1339 3948 ap-

210 3953 285 4016 pello.
301 3951 397 4016 Quippe
417 3953 456 4000 cui
478 3967 526 4000 nou
544 3953 568 4000 in
582 3957 685 4000 mentem
705 3953 799 4011 venial,
818 3967 937 4015 personae
958 3956 1089 4016 cujuslibet
1108 3952 1214 4021 ἀπορίαν
1234 3956 1338 4006 descri-

210 4023 288 4086 benti,
304 4025 364 4072 haec
388 4023 453 4072 illam
477 4023 595 4071 inducere
618 4022 768 4072 dicentem«
790 4022 842 4081 Quo
863 4038 900 4073 me
918 4029 1061 4077 verlam‘t...
1079 4046 1090 4071 ν
1107 4027 1155 4076 Cur
1179 4042 1226 4076 non
1247 4033 1272 4077 et
1293 4029 1338 4079 hic

211 4095 307 4155 citatur,
319 4099 433 4157 tanquam
448 4095 469 4142 si
482 4093 605 4157 Vergilius
616 4095 773 4154 meminisset,
786 4093 836 4142 Caii
848 4093 950 4145 Gracchi
961 4097 1023 4159 apud
1035 4097 1176 4147 Ciceronem
1187 4101 1233 4162 (De
1245 4099 1337 4161 Orat„

211 4165 252 4225 ΙΙΙ,
274 4165 314 4230 56)
334 4166 494 4215 exclamatio?
513 4165 712 4229 interrogationis
732 4165 855 4226 hujusne
875 4167 975 4216 turmam
990 4170 1088 4231 quidem
1108 4172 1230 4220 recordari
1248 4171 1337 4235 Vergi-

210 4236 270 4286 lium
288 4251 391 4287 necesse
414 4237 467 4296 init,
484 4240 509 4285 ul
525 4237 643 4287 Didonem
666 4251 692 4285 se
715 4237 793 4300 ipsam
815 4236 840 4285 ld
859 4237 1011 4303 interrogare
1032 4242 1134 4303 laceret,
1157 4244 1336 4294 sententiarum

212 4309 296 4357 saltem
308 4315 333 4358 et
345 4321 509 4371 rerumquae
523 4308 548 4355 in
563 4307 608 4357 hac
623 4308 815 4371 interrogatione
830 4309 895 4372 apud
910 4311 1005 4372 priores
1020 4317 1104 4374 poetas
1119 4315 1210 4374 insunt,
1221 4328 1337 4380 quaeque

210 4380 358 4444 praecipuae
372 4383 437 4442 sunl,
450 4378 511 4428 'nihil
525 4378 567 4428 ille
581 4379 680 4429 omnino
696 4378 829 4441 excerpsit.
