2844 4928
567 286 762 333 PROOEMIUM.
1209 289 1229 331 V

155 460 311 548 Namque
332 461 421 550 epici
440 461 608 550 poematis
628 467 745 551 partes
765 461 937 551 quaedam
954 463 1083 528 suntin
1104 462 1230 551 quibus

110 573 233 656 poetae
252 567 351 634 facile
379 568 537 654 ignoscas
566 568 661 658 quod
684 574 885 635 ornamenta
908 569 1025 659 aliqua
1049 591 1088 634 ex
1110 569 1230 635 alienis

110 674 218 741 hortis
246 675 300 740 vel
330 674 548 741 abundanter
582 676 802 765 excerpserit.
834 675 966 765 Nempe
1004 675 1089 765 quid
1127 676 1232 742 refert

110 780 304 866 Vergilium
317 781 458 847 Homeri
479 783 632 867 vestigiis
652 784 796 873 propius
816 783 982 849 institisse
1001 783 1135 873 praelia
1155 783 1232 850 des-

110 888 317 969 cribentem,
348 889 405 954 vel
434 888 657 978 Apollonium
686 894 842 956 secutum
868 912 943 956 esse
971 889 1109 979 quando
1129 890 1231 956 deam

109 996 262 1084 aliquam
282 994 416 1061 induxit
436 1017 472 1060 se
492 995 689 1062 mortalium
710 997 817 1063 oculis
838 997 1050 1078 offerentem,
1073 996 1129 1063 vel
1149 1019 1232 1065 non-

109 1102 205 1168 nulla
232 1103 461 1192 assumpsisse
491 1103 535 1169 ab
560 1126 628 1169 uno
653 1111 712 1170 aut
736 1103 843 1170 altero
872 1127 889 1170 e
910 1105 1044 1191 graecis
1072 1103 1230 1205 latinisve

109 1209 337 1298 scriptoribus
358 1209 516 1299 quotiens
537 1231 598 1275 seu
613 1210 820 1299 longinquos
837 1215 1008 1277 terrarum
1021 1215 1150 1277 tractus
1171 1210 1231 1276 de-

109 1316 234 1405 pingit,
256 1337 343 1405 quos
363 1316 438 1405 ipse
457 1338 526 1382 non
552 1315 710 1399 viderit¹‚
734 1317 806 1383 sive
834 1318 937 1384 etiam
962 1317 1150 1407 procellam
1176 1319 1232 1383 cui

109 1422 261 1489 adfuisse
290 1445 358 1488 non
384 1424 487 1489 liceat
515 1423 702 1488 omnibus?
730 1424 781 1490 Ea
808 1429 887 1490 sunt
907 1423 938 1485 'a
972 1424 1064 1490 furta
1092 1452 1107 1485 »
1143 1447 1231 1513 quae

109 1530 267 1620 quotiens
278 1530 416 1616 objecta
425 1529 569 1595 irridere
581 1531 703 1597 merito
714 1531 1078 1621 potueritvergilius2.
1094 1531 1231 1620 Quippe

109 1660 211 1726 quae,
233 1636 474 1723 hujuscemodi
495 1641 665 1726 quotquot
685 1642 775 1720 sunt,
800 1664 816 1698 «
838 1639 979 1728 proprie
1000 1638 1114 1704 dicere
1132 1665 1148 1699 ›>
1165 1638 1232 1704 dif-

108 1743 232 1810 ficilius
249 1766 354 1834 quarn
374 1744 492 1810 utilius
513 1744 646 1834 opinor.
669 1745 712 1810 Et
727 1766 802 1811 esse
822 1767 946 1811 censeo
960 1746 1048 1834 epici
1063 1747 1231 1835 poematis

110 1872 330 1918 communem
351 1851 511 1916 omnibus
528 1856 561 1917 et
576 1857 756 1917 aeternum
769 1853 868 1942 quasi
879 1851 1092 1933 thesaurum,
1110 1853 1232 1942 aprio-

109 1958 206 2025 ribus
226 1957 477 2047 posterioribus
499 1957 542 2023 ad
560 1958 670 2024 libere
690 1957 875 2025 fruendum
895 1957 1071 2024 traditum.

121 2146 126 2155 ι
156 2063 226 2131 Sed
243 2066 347 2151 longe
377 2086 475 2132 secus
501 2070 552 2130 est
581 2065 624 2131 de
652 2065 768 2131 indole
803 2065 1037 2132 adhibitarum
1065 2088 1232 2155 persona-

110 2194 187 2239 rum
217 2171 414 2258 effingenda
437 2194 444 2240 :
467 2173 502 2239 in
536 2195 605 2262 quo
637 2173 745 2238 multo
776 2174 888 2238 minor
922 2173 1035 2239 aliena
1073 2173 1231 2240 sumendi

107 2281 247 2348 licentia
277 2283 399 2369 poetae
432 2280 643 2356 conceditur,
674 2279 783 2345 multo
812 2281 924 2368 major
952 2302 1041 2346 nova
1065 2279 1232 2347 afferendi

107 2387 293 2454 necessitas
328 2385 509 2453 incumbit.
540 2385 577 2453 Si
607 2388 684 2476 quis
719 2388 811 2453 enim
846 2409 1012 2474 germano
1049 2393 1231 2477 poetarum

103 2495 243 2581 ingenio
264 2493 441 2584 praeditus
462 2499 529 2576 est,
546 2515 582 2560 se
603 2515 671 2559 non
691 2494 900 2560 substituere
919 2494 955 2559 in
974 2495 1090 2560 locum
1110 2516 1230 2561 eorum

103 2623 174 2668 non
193 2607 307 2691 potest
326 2621 413 2690 quos
429 2606 570 2686 agentes
584 2601 810 2690 loquentesve
830 2601 944 2683 saciat,
960 2600 1046 2667 adeo
1066 2605 1103 2667 ut
1123 2624 1230 2690 quae-

104 2730 253 2797 cumque
278 2708 442 2788 sentiant,
465 2712 536 2773 tam
556 2707 670 2774 vivide
700 2708 831 2798 etipse
860 2709 985 2774 sentiat
1008 2730 1113 2797 quam
1138 2708 1229 2775 side

105 2837 142 2881 se
162 2819 305 2900 agatur3
328 2835 487 2902 quaeque
517 2815 627 2881 acturi
646 2816 713 2881 sint
733 2820 791 2881 aut
815 2815 956 2896 dicturi,
989 2837 1105 2883 secum
1131 2816 1228 2904 prius

104 2928 138 2988 ct
158 2926 285 2988 attente
299 2920 483 2988 meditatus
494 2921 608 2987 fuerit.
619 2921 739 3010 Neque
753 2921 846 2987 aliud
863 2943 937 2990 esse
952 2923 1067 3011 reipsa
1080 2923 1225 3010 poesim,

103 3029 294 3094 —etiamsi
313 3028 348 3093 id
364 3029 453 3092 inter
467 3033 601 3095 nostros
618 3029 780 3118 aequales
796 3028 952 3094 nonnulli
967 3028 1169 3112 infitiantur,
1186 3070 1229 3078 -

105 3137 277 3217 existim0,
308 3156 412 3224 quam
441 3140 638 3225 promptam
669 3135 764 3200 illam
793 3159 833 3201 ac
863 3136 1014 3202 vividam
1044 3136 1148 3201 animi
1173 3136 1227 3202 vel

105 3243 193 3311 fictis
218 3241 323 3308 rebus
344 3241 456 3307 affecti
481 3242 678 3324 mollitiem,
699 3242 906 3332 facilemque
926 3242 1075 3329 ingenii,
1098 3242 1227 3310 alienas

105 3349 220 3416 subito
257 3369 421 3439 personas
462 3348 636 3417 induentis
675 3353 708 3415 et
747 3351 961 3440 arripientis,
1003 3349 1226 3415 transforma-

104 3457 245 3523 tionem.
334 3528 336 3531 ,

149 3564 225 3630 Non
257 3567 373 3629 autem
402 3562 564 3631 deluere³
585 3586 647 3629 nec
669 3563 810 3645 desunt,
838 3587 878 3630 ac
906 3564 1111 3652 praesertim
1138 3565 1228 3631 inter

138 3766 162 3817 1.
180 3765 242 3824 Quid
263 3781 277 3814 u
295 3765 425 3813 Theocrito
448 3765 556 3813 hauserit
575 3764 697 3827 Vergilius
720 3766 745 3814 in
765 3767 935 3815 describendis
956 3767 1020 3815 ruris
1040 3768 1228 3816 amoenitatibus

106 3837 215 3886 ostendit
230 3837 353 3898 Gessuan,
370 3838 505 3898 chatcaus
525 3838 552 3884 ia
571 3836 695 3900 epithetis
714 3837 846 3904 Veryilius
860 3839 980 3887 iraitatus
999 3839 1034 3887 sit
1050 3838 1225 3897 Theocritum,

136 3981 160 4029 2.
179 3980 318 4037 Sescenius,
338 3979 406 4037 Vita,
422 3990 450 4026 n⁰
465 3979 503 4029 46.

136 4051 160 4100 3.
177 4051 289 4112 Nrasuuu,
306 4051 370 4099 llist.
387 4065 462 4108 rona,
479 4051 549 4100 trad.
564 4052 601 4114 fr.
618 4050 783 4107 delimatur,
800 4055 816 4098 t.
835 4051 854 4111 l,
871 4067 894 4114 p.
911 4052 957 4101 276
969 4067 975 4100 :
989 4072 1000 4098 u
1018 4053 1088 4101 Nous
1106 4051 1227 4115 a'c'proa-

106 4137 168 4172 vans
177 4137 233 4186 que
248 4125 306 4183 trop
319 4120 559 4184 de'saqre'atlcmeal
573 4121 688 4170 cambiea
702 4136 753 4185 peu
774 4121 796 4170 lc
810 4124 913 4185 poctca
929 4126 1012 4173 re'zassl
1027 4129 1043 4172 cl
1057 4125 1127 4187 faire
1142 4123 1174 4171 cle
1188 4139 1227 4172 ccs

106 4192 216 4250 ambres,
230 4194 261 4242 de
277 4208 317 4242 ccc
331 4208 421 4252 aanrs,
436 4193 567 4256 aarqaels
581 4193 601 4241 il
618 4193 657 4242 lui
670 4193 764 4257 fallait
774 4194 876 4244 donner
890 4211 927 4244 aa
939 4198 1085 4253 caractere,
1100 4196 1145 4245 dcs
1160 4197 1227 4244 atres

106 4267 207 4315 animc's
221 4280 317 4314 comma
332 4264 367 4313 les
380 4263 453 4313 beros
464 4264 626 4313 d’llomcrc...
645 4266 705 4328 [Sao
720 4267 804 4329 qe'aie]
822 4268 890 4315 c'tail
902 4283 1002 4330 pauore
1016 4284 1047 4316 ca
1060 4269 1198 4315 creatione.
1216 4287 1226 4310 ι)

137 4337 253 4397 Paratus,
270 4337 341 4386 Rern.
359 4335 529 4401 Mytlraloqie,
545 4341 582 4384 3te
598 4335 692 4400 Aafq„
708 4338 737 4408 B.v
753 4337 983 4400 11,p.318-319:«
999 4339 1092 4405 Virpils
1107 4337 1225 4396 Aeneide,
