2844 4928
522 687 668 756 CAPUT
700 687 903 770 QUINTUM

617 911 667 978 Dr
691 911 817 979 Carasa

199 1402 326 1469 Creusa
349 1425 418 1469 non
442 1403 553 1469 solum
578 1402 621 1468 ad
647 1404 829 1468 utilitatem
852 1404 956 1470 totius
976 1405 1153 1494 poematis
1174 1406 1281 1472 multo

154 1512 257 1577 etiam
284 1511 397 1575 minus
423 1531 528 1599 quam
557 1509 657 1576 Anna
681 1509 828 1592 confert,
852 1510 913 1576 sed
932 1516 967 1577 et
984 1511 1082 1578 haud
1101 1514 1279 1579 immerito

152 1618 263 1707 possit
301 1617 426 1705 aliquis
454 1617 630 1705 inquirere
662 1640 724 1683 cur
757 1639 835 1683 eam
860 1618 896 1683 in
921 1616 1086 1685 Aeneidis
1119 1619 1277 1687 fabulam

151 1723 372 1790 introducere
392 1722 546 1808 Vergilio
566 1724 746 1812 placuerit.
769 1723 889 1813 Neque
909 1725 1073 1814 equidem
1098 1727 1209 1793 aliam
1231 1727 1278 1792 illi

151 1831 257 1897 fuisse
278 1852 416 1896 causam
436 1831 592 1896 existimo
617 1853 721 1920 quam
747 1829 886 1896 fidelem
906 1832 1020 1915 illam,
1044 1831 1204 1918 Vergilio
1223 1856 1278 1924 pe·

152 1938 327 2015 culiarem‚
342 1937 545 2004 traditarum
563 1939 629 2002 sihi
647 1938 855 2026 abantiquis
871 1960 987 2004 rerum
1003 1939 1273 2007 observantiam.

153 2044 237 2112 Cum
259 2047 350 2110 enim
370 2044 463 2134 apud
488 2045 762 2133 posthomericos
785 2045 970 2134 plerosque
991 2045 1127 2113 dirutae
1153 2047 1275 2134 Trojae

151 2158 364 2233 narratores,
399 2151 584 2238 Trojanam
611 2152 750 2217 Aeneae
780 2174 938 2234 uxorem,
973 2153 1072 2219 sicuti
1101 2155 1274 2241 conjicere

150 2258 242 2341 licet,
270 2258 451 2341 inveniret,
479 2279 554 2324 eam
582 2259 739 2324 omittere
770 2259 963 2348 priscarum
989 2259 1274 2346 religiosissimus

152 2363 374 2431 historiarum
395 2371 512 2454 poeta,
533 2386 733 2454 quanquam
751 2365 838 2431 nihil
861 2365 906 2432 ad
929 2368 1149 2457 propositum
1175 2389 1273 2437 suum

152 2472 331 2561 profutura
351 2478 434 2555 erat,
454 2473 576 2538 noluit.

195 2579 320 2646 Variae
340 2583 456 2645 autem
476 2579 691 2666 Cyclicorum
708 2579 918 2662 ferebantur,
933 2585 970 2646 ut
985 2602 1092 2670 supra
1106 2581 1284 2662 vidimus·

150 2686 192 2752 de
220 2685 350 2753 Creusa
375 2685 526 2752 fabulae.
559 2686 696 2776 Quippe
727 2707 832 2774 quam
861 2687 1019 2753 nonnulli
1047 2688 1082 2753 in
1111 2689 1272 2754 exsilium

149 2815 227 2859 cum
248 2796 366 2859 Aenea
384 2793 572 2883 prolectam
592 2792 768 2859 dixissent.
794 2792 863 2860 Sed
882 2792 1038 2879 Vergilio
1058 2815 1191 2880 magno
1210 2797 1272 2861 im·

148 2899 346 2990 pedimento
365 2900 486 2966 luisset
505 2905 680 2989 superstes
699 2899 824 2987 trojani
840 2899 937 2966 ducis
956 2922 1051 2965 uxor.
1068 2898 1271 2969 Ceterorum

148 3006 289 3095 quidem
315 3006 544 3092 Trojanorum
572 3006 710 3072 Aeneae
735 3006 898 3072 comitum
922 3006 1108 3094 conjuges¹
1129 3029 1213 3075 cum
1230 3009 1271 3073 iis

147 3134 258 3202 usqne
282 3114 317 3178 in
343 3114 496 3180 Siciliam
520 3114 684 3198 navigare
710 3134 833 3202 passus
861 3117 927 3195 est,
950 3114 1033 3203 quia
1054 3113 1154 3179 nulla
1171 3115 1271 3181 istius

148 3221 220 3301 sine
239 3222 377 3286 nornine
391 3221 512 3287 turbae
529 3242 611 3287 cura
626 3220 762 3306 agenda
774 3220 859 3301 luit;
879 3220 993 3286 sedda
1007 3219 1117 3287 nobili
1130 3221 1273 3310 profugi

147 3327 263 3393 herois
287 3327 434 3414 conjuge
464 3349 602 3416 semper
629 3327 730 3394 silere
755 3349 824 3392 non
849 3326 1032 3397 decuisset.
1054 3325 1156 3393 Adde
1177 3326 1271 3419 quod

147 3432 276 3500 diutius
314 3434 444 3500 servari
482 3432 608 3500 Creusa
645 3434 827 3501 manifesto
865 3456 933 3499 non
969 3434 1162 3523 potuisset,
1202 3457 1270 3524 qua

147 3540 288 3630 quidem
320 3545 502 3630 praesente
530 3541 588 3629 pio
618 3541 755 3607 Aeneae
780 3539 923 3606 Didonis
952 3540 1062 3606 amori
1083 3539 1269 3628 indulgere

146 3670 214 3715 non
233 3648 355 3713 luisset
373 3647 534 3714 liberum.
556 3646 643 3715 Cum
659 3648 765 3733 igitur
783 3647 888 3713 breve
903 3653 982 3736 post
996 3655 1132 3737 tempus
1147 3649 1269 3739 utique

146 3754 336 3823 aurittenda
362 3754 489 3822 Creusa
519 3761 624 3835 osset,
647 3776 714 3819 non
744 3755 920 3820 mehorem
950 3753 1165 3820 occasionem
1194 3776 1269 3821 esse

146 3863 367 3929 melioremve
393 3862 507 3928 locum
534 3863 609 3948 ejus
630 3861 838 3928 amittendae
863 3882 968 3950 quam
991 3867 1131 3951 captum
1158 3868 1195 3929 et
1220 3863 1269 3929 in-

146 3991 285 4039 censum
305 3968 409 4035 Ilium
422 3968 596 4055 Vergilius
617 3969 870 4058 sapientissime
891 3968 1035 4035 censuit.

177 4204 411 4267 1..en.‚n,rm;
432 4205 462 4267 V,
484 4204 602 4261 acl-aar,
618 4204 730 4255 ton-718.
753 4231 785 4241 -
804 4205 830 4255 C.
855 4207 979 4256 Auaaenzu
1003 4207 1133 4268 Vrcroarn,
1157 4210 1270 4262 (100νί-

144 4278 207 4347 9iaa
222 4279 307 4343 penitis
327 4292 465 4336 rornnnce,
483 4292 507 4328 rx
525 4292 530 4325 :
547 4296 591 4328 n...
607 4278 766 4336 <Aerreaa>
782 4292 835 4325 euru
857 4279 941 4326 multis
964 4280 1054 4328 diversi
1077 4294 1153 4331 sexus
1175 4285 1271 4334 oraculi

146 4350 269 4400 udrnnnitn
282 4350 372 4399 ltnlluur
389 4350 448 4411 petil
462 4363 467 4408 ;
482 4349 589 4397 uldoeri
604 4349 742 4396 Alexander
757 4349 885 4410 Ephesius,
900 4351 943 4399 lib.
961 4350 970 4397 l
984 4350 1046 4398 Belli
1061 4351 1173 4402 Marsici.
1193 4373 1206 4399 n
