2844 4928
146 291 189 358 66
603 313 680 361 runs
704 315 809 362 aaron.

147 487 251 554 etiam
271 487 424 554 assensio
444 488 666 572 concilietur;
688 489 782 579 quod
801 494 918 556 autem
936 509 1007 578 qua
1024 487 1165 556 ratione
1185 510 1271 556 asse·

146 600 284 684 quatur,
306 617 396 662 nunc
415 594 651 682 indagandum
671 603 734 663 est.

195 700 333 777 Scilicet
355 703 391 769 in
418 702 485 770 hoc
504 705 654 794 primum
674 705 879 771 immoratur
898 707 1027 795 quanto
1046 726 1127 771 cum
1147 704 1268 771 ardore

147 807 236 875 Dido
269 809 421 877 Deorum
446 812 582 878 veniam
609 812 796 902 impetrare
829 815 983 879 conetur.
1017 811 1142 879 Annae
1165 812 1268 899 igitur

148 912 291 987 consilia
311 938 446 985 summo
466 919 599 987 studi0¹
621 921 790 1010 amplexa,
812 919 959 986 delubra
979 918 1064 1000 adit,

537 1125 699 1178 pacemque
711 1125 764 1178 per
776 1125 843 1166 aras

148 1284 308 1374 exquirit,
330 1283 536 1373 multasque,
560 1284 836 1375 quibuscumque
855 1285 929 1352 Diis
949 1290 1027 1352 sunt

537 1479 631 1532 vincla
641 1479 754 1546 iugalia
768 1467 863 1546 curae,

146 1651 305 1718 victimas
333 1651 504 1730 immolat,
544 1651 650 1742 idque
682 1673 752 1717 non
785 1652 893 1719 semel
921 1652 1174 1734 tantummodo,
1209 1654 1265 1720 sed

150 1786 166 1821 «
188 1758 281 1824 diem
300 1758 399 1825 donis
414 1759 616 1825 instaurati.
641 1785 656 1820 »
679 1758 766 1839 Quin
788 1761 904 1842 etiam,
927 1781 995 1825 non
1015 1760 1129 1826 solum
1148 1785 1266 1851 preca-

147 1871 215 1948 tur,
238 1866 300 1932 sed
325 1868 516 1952 interrogat
543 1866 603 1932 illa
629 1865 732 1947 Deos,
764 1872 797 1933 et
824 1866 955 1933 sciendi
986 1868 1116 1934 scilicet
1144 1869 1268 1959 cupida

116 1991 122 1998 ’
149 1973 289 2064 quando
309 1974 375 2040 sihi
395 1979 534 2065 praesto
557 1975 673 2041 futura
698 1974 740 2039 sit
761 1977 894 2042 occasio
915 1997 1015 2042 suum
1040 1975 1180 2043 Aeneae
1204 1979 1268 2067 ipsi

148 2104 303 2150 amorem
321 2081 517 2172 profitendi,
541 2109 557 2143 «
578 2081 752 2172 pecudum
771 2083 913 2150 reclusis

336 2277 504 2341 pectoribus
518 2276 635 2329 inhians
650 2277 793 2343 spirantia
805 2276 935 2329 consulit
950 2281 1028 2330 exta.
1044 2293 1058 2326 »

195 2448 307 2529 Quam
326 2470 409 2514 vero
438 2449 483 2515 ob
512 2432 587 2516 rem
605 2453 701 2517 tanto
722 2472 800 2517 cum
820 2446 950 2530 studio,
973 2452 1069 2515 tanta
1087 2471 1168 2515 cum
1189 2473 1270 2518 con-

148 2555 301 2622 tentione
336 2554 506 2622 Didonem
533 2556 624 2623 Deos
658 2557 920 2644 efflagitantem,
953 2557 1039 2622 votis
1072 2563 1268 2643 urgentem,

149 2684 252 2753 prece
272 2662 496 2757 ambientem2
511 2669 614 2754 poeta
633 2664 733 2730 nobis
749 2662 923 2730 ostendit?
937 2663 1070 2753 Nempe
1086 2662 1182 2729 aliud
1202 2687 1271 2733 non

147 2762 207 2836 ille
227 2769 301 2836 vult
329 2792 435 2859 quam
461 2771 597 2837 facilem
624 2771 820 2858 legentibus
848 2770 922 2836 fieri
952 2770 1198 2857 conjecturam,
1232 2794 1271 2839 eo

146 2874 219 2964 jam
249 2899 471 2968 progressam
503 2899 577 2945 esse
608 2901 771 2946 vesanam
800 2878 982 2944 mulierem
1010 2882 1048 2944 ut
1077 2877 1151 2963 jam
1181 2881 1271 2945 votis

150 2985 233 3068 suis,
254 2987 401 3052 maxime
423 2985 546 3052 vividis
571 3009 610 3052 ac
639 2987 792 3068 sinceris
816 3008 882 3052 nou
901 3007 1004 3075 posse
1028 3007 1096 3051 uon
1125 3008 1271 3076 respon-

149 3089 231 3157 dere
251 3091 341 3158 Deos
361 3113 404 3159 ne
435 3092 570 3160 dubitet
594 3092 754 3183 quidem,
776 3093 940 3181 illamque
961 3091 1099 3173 amandi
1119 3093 1269 3176 veniam,

149 3203 329 3288 tantopere
348 3200 569 3290 postulatam,
589 3200 755 3287 jamnunc
769 3199 909 3266 taudem
924 3199 989 3265 sibi
1008 3199 1174 3266 tributam
1194 3222 1271 3267 esse

149 3304 323 3371 bonafide
342 3305 492 3374 medati

181 3502 205 3552 1.
223 3501 258 3551 De
273 3502 375 3552 Didonis
390 3517 448 3565 erga
459 3503 518 3552 deos
532 3503 631 3566 pietate,
646 3503 678 3551 cf.
690 3503 765 3561 Aen„
779 3503 798 3562 l,
814 3501 858 3551 731
875 3515 942 3565 sqq.;
957 3501 997 3561 lV,
1013 3501 1043 3550 25
1058 3515 1110 3565 sqq.
1127 3501 1167 3563 58,
1183 3501 1239 3552 492.

180 3573 276 3625 &Non
302 3575 392 3637 optime
418 3574 532 3636 intellego
555 3589 599 3623 cur
621 3575 645 3622 in
669 3589 698 3623 eo
725 3575 778 3623 loco
807 3577 900 3622 tautum
926 3572 1095 3622 insudaverint
1122 3574 1273 3637 interpretes

150 3647 183 3705 (v.
194 3645 275 3695 varias
289 3647 449 3709 interpretum
464 3647 618 3709 opinionesa
633 3646 751 3694 Foasraue
765 3650 790 3694 et
811 3645 945 3693 Coumoron
967 3644 1139 3708 enumeratas).
1161 3645 1274 3695 Instau-

149 3720 195 3768 rat
217 3719 286 3766 diem
306 3719 382 3767 donia
405 3733 449 3781 per
472 3719 593 3781 quandam
617 3716 779 3781 hypallagen
794 3715 935 3778 etettipsia
951 3716 1105 3774 dictumest,
1122 3730 1167 3778 pro
1189 3735 1201 3760 «
1218 3721 1272 3768 ins·

151 3791 244 3840 taurat
257 3789 328 3838 dona
342 3805 438 3853 quoque
453 3790 640 3852 superveniente
659 3788 709 3838 die.
728 3807 739 3832 v
758 3808 770 3833 α
795 3786 852 3836 Elle
866 3786 1013 3836 renouoetle
1027 3787 1129 3851 chaque
1144 3789 1214 3852 jour
1230 3805 1273 3840 ses

148 3861 288 3926 sacrifices.
309 3880 320 3905 n
344 3861 426 3924 Neque
448 3861 508 3910 haec
531 3875 585 3910 cum
609 3865 736 3920 contextu,
752 3859 791 3908 vel
805 3873 860 3908 cum
876 3860 943 3908 verbi
959 3860 1112 3908 instaurare
1128 3860 1201 3908 solito
1223 3877 1271 3911 usu

149 3949 197 3983 non
212 3933 315 3997 quadrat
329 3935 505 3996 interpretatio.
523 3932 606 3990 Dona,
620 3934 636 3979 i.
651 3947 672 3982 e.
690 3932 819 3989 sacrificia,
835 3931 898 3979 sicut
916 3936 980 3979 recte
1000 3931 1170 3981 illusorancn.

179 4005 203 4056 3.
222 4005 324 4054 Multum
338 4004 440 4054 haesere
461 4010 485 4054 et
508 4019 572 4053 nunc
591 4004 672 4053 adhuc
690 4003 792 4052 haerent
814 4003 960 4065 interpretes
982 4002 1007 4050 iu
1028 4004 1074 4052 boc
1093 4017 1166 4052 versu
1181 4003 1207 4065 (l.
1224 4003 1271 4064 IV,

148 4093 173 4129 V·
189 4076 229 4141 65)
245 4114 251 4125 ⁵
381 4139 441 4182 Heu!
452 4144 528 4182 vatum
541 4139 632 4194 ignarae
647 4141 744 4181 mentes!
761 4136 815 4191 qnid
827 4141 879 4180 vota
894 4136 1014 4191 furentem,
1048 4133 1051 4137 ’

380 4201 438 4254 Quid
449 4201 543 4245 delubra
553 4203 649 4257 juvant?

150 4313 220 4374 cujus
232 4311 316 4361 videre
331 4311 388 4360 licet
397 4311 461 4373 apud
477 4310 597 4360 Faustam
607 4313 630 4358 et
641 4308 777 4358 Goumaros
790 4322 860 4372 quam
871 4308 955 4357 variae
966 4308 1075 4371 prolatae
1090 4309 1139 4356 sint
1148 4309 1272 4373 iuterpre-

150 4383 263 4433 tationes.
274 4382 345 4432 Illum
356 4381 469 4446 equidem
484 4396 540 4431 esse
554 4395 653 4431 sensum
668 4381 774 4430 arbitror
788 4380 870 4443 (quam
884 4380 963 4429 fusius
979 4380 1120 4442 explicitum
1135 4380 1200 4441 volo,
1214 4396 1272 4431 cum
