2844 4928
577 274 773 322 raooamun.
903 238 906 261 ¹
1196 276 1240 322 vu

116 468 218 513 sonas
245 445 411 536 (Aeneam
433 449 564 515 scilicet
589 449 812 538 Turnumque
832 449 922 514 inter
945 448 1055 531 viros,
1085 450 1174 515 inter
1193 450 1240 516 fe-

115 554 226 622 minas
250 554 421 621 Didonem
446 561 479 622 et
501 555 793 645 Andromacham)
823 556 996 645 copiosius
1026 577 1065 622 ao
1090 556 1239 623 vividius

116 661 323 752 descriptas,
346 663 488 731 sedeas
514 686 589 731 esse
613 664 796 754 inquibus
821 663 1068 752 componendis
1099 686 1241 750 magno-

116 790 199 858 pere
223 768 362 856 adjutus
392 771 435 837 sit
461 793 481 836 a
508 771 648 839 Graecis
669 770 855 857 Vergilius.
880 769 1147 859 Reliquas-vero
1166 771 1239 838 fere

117 896 249 958 omneS,
265 881 339 942 tum
353 878 470 944 viriles
490 901 569 945 oum
589 878 776 954 muliebres
796 899 975 967 personas,
994 882 1063 943 tam
1084 878 1174 943 male
1195 878 1240 945 ah

117 1005 158 1048 eo
185 983 291 1049 fuisse
321 984 494 1074 depictas,
527 990 565 1052 ut
594 1012 610 1046 u
640 985 852 1074 pallentibus
884 984 1019 1050 umbris
1050 1012 1066 1045 »
1102 1007 1240 1075 compa-

117 1090 245 1156 randae
266 1092 334 1157 sint
354 1092 490 1180 quasin
508 1092 727 1159 Infernorum
748 1092 867 1182 spatiis
888 1090 1119 1158 subobscuros
1140 1091 1240 1159 deer-

117 1219 194 1263 rare
213 1197 288 1287 ipse
309 1198 466 1282 finxerit;
487 1199 574 1265 nihil
593 1201 627 1265 in
656 1200 697 1265 iis
725 1198 918 1280 definitum,
941 1198 1028 1263 nihil
1051 1199 1186 1281 vivum;
1207 1205 1242 1266 at

119 1327 201 1370 vero
235 1326 444 1392 exsanguem
478 1307 643 1390 colorem,
673 1307 842 1374 incertam
870 1304 1145 1395 nebulosamque
1172 1307 1241 1374 for-

118 1412 243 1478 mam¹.

119 1606 203 1655 ihrem
219 1607 272 1656 Tun
293 1608 368 1657 nicht
386 1607 480 1671 sehars
498 1608 554 1657 and
570 1607 685 1672 treffend
698 1607 846 1671 pazeichnet
860 1609 917 1656 and
936 1623 984 1657 von
1003 1607 1131 1657 einander
1150 1622 1241 1671 peson-

119 1677 205 1728 dert...
225 1697 237 1720 n
254 1680 402 1741 Agnoscitur
424 1684 504 1728 tamen
527 1695 541 1727 a
563 1680 676 1728 critico«
695 1679 738 1728 die
753 1677 926 1744 Darstettnnp
944 1678 1079 1729 scetischcr
1098 1679 1241 1738 lasciviendo,

118 1749 199 1797 morin
218 1750 266 1798 der
283 1750 356 1798 necin·
378 1748 635 1814 rhetoricati-tyriseh
655 1749 810 1813 vcraatapte
834 1749 941 1799 Dichter
963 1749 1102 1799 desondere
1123 1749 1242 1799 Feinheit

118 1821 174 1869 and
188 1821 264 1884 tiefes
280 1821 452 1870 Versta'ndnis
466 1820 605 1872 helcandet.
624 1840 635 1865 »

149 1891 297 1952 Heerznnno,
315 1891 468 1942 Gesehichte
481 1893 507 1942 d.
523 1898 588 1941 ro'm.
605 1892 757 1948 Kaisarzeit,
772 1896 790 1941 t.
807 1891 825 1951 Ι,
841 1907 858 1950 1,
875 1907 899 1953 p.
916 1892 962 1941 465
972 1893 1021 1956 (ap.
1037 1893 1137 1955 Pnurss,
1153 1892 1240 1957 Verpit

117 1977 144 2013 a.
165 1962 192 2011 d.
218 1963 320 2026 epische
336 1965 434 2021 Kanst,
451 1979 474 2025 p.
493 1964 542 2026 1-2)
559 1979 565 2012 ε
583 1983 594 2008 a
657 1963 727 2012 Ahar
743 1963 813 2012 eines
835 1962 884 2011 hat
903 1978 930 2012 er
949 1962 1021 2013 nieht
1038 1963 1167 2021 decesseri,
1191 1963 1241 2012 den

116 2035 323 2097 schdpterischen
345 2035 454 2093 Genius,
471 2034 519 2083 der
532 2036 629 2098 rietatip
643 2036 726 2099 preift
741 2035 768 2082 in
783 2033 832 2083 der
852 2033 932 2083 Wahl
947 2035 992 2084 des
1012 2035 1109 2099 Stoffes
1121 2035 1178 2083 and
1194 2034 1242 2083 der

116 2107 165 2154 mit
176 2103 345 2168 heichtiplreit
357 2105 412 2155 carrd
422 2105 488 2154 doch
501 2099 680 2171 masterpittip
690 2107 777 2154 seinen
794 2105 867 2169 Stoff
878 2105 1008 2155 anordnet
1018 2106 1073 2155 and
1084 2105 1241 2162 behandtct‚·

116 2178 163 2226 wie
177 2177 225 2226 der
234 2177 307 2241 Stoff
318 2179 359 2226 ein
376 2178 496 2241 Micpriff
507 2193 573 2236 mar,
586 2193 614 2226 so
627 2177 675 2226 hat
690 2178 735 2225 der
750 2177 858 2225 Dichter
872 2176 940 2226 anch
950 2177 1124 2243 nirpendsdie
1138 2177 1242 2226 thrme

116 2248 160 2297 des
175 2249 287 2298 Heraens
302 2249 446 2298 demselhen
461 2249 607 2312 pependber
622 2247 784 2312 ernpsanden
795 2265 805 2303 ‚·
819 2247 885 2297 alles
900 2249 935 2297 ist
953 2249 1084 2312 Restcaion
1098 2248 1156 2298 rand
1171 2263 1241 2297 zmar

117 2318 202 2378 rente,
218 2320 362 2369 ndchterne
373 2321 506 2384 Resteaion
517 2337 527 2376 ,·
541 2319 609 2370 wohl
624 2320 742 2368 honrmen
760 2318 854 2367 schdnc
878 2319 976 2380 Bitder,
993 2320 1122 2384 treffende
1139 2319 1241 2368 Gleich-

117 2393 187 2441 nisse
202 2407 255 2450 vor,
272 2391 333 2441 ader
347 2393 384 2441 sic
395 2392 457 2441 sind
466 2391 637 2441 sentimental
652 2391 707 2439 arrd
720 2391 844 2440 stadiert.
860 2409 872 2434 »

149 2463 185 2514 Ol.
202 2465 264 2520 inter
279 2464 424 2523 Britannos,
440 2465 546 2524 Damon,
565 2463 632 2512 Hist.
650 2465 682 2526 os
692 2477 784 2511 roman
807 2463 951 2520 literatnr,
968 2467 985 2510 t.
1007 2461 1052 2522 ΙΙΙ,
1075 2478 1098 2524 p.
1117 2461 1240 2521 ihi-158,

116 2537 240 2584 Lousonna
261 2535 316 2584 and
336 2536 391 2593 Lae,
410 2534 594 2585 Introduction
611 2537 636 2582 to
653 2534 696 2582 the
711 2531 818 2598 English
833 2532 1090 2595 prose-translation
1109 2535 1141 2595 of
1159 2533 1241 2596 Virpit

116 2607 197 2668 (1871)
220 2621 226 2654 :
250 2626 261 2650 a
284 2607 399 2669 scarcely
418 2622 466 2669 any
488 2607 629 2655 characters
651 2606 674 2652 in
698 2604 747 2667 [the
771 2605 875 2667 Aeneid]
899 2619 940 2653 are
963 2605 1064 2667 huppily
1084 2606 1200 2653 drawn...
1218 2619 1239 2664 =›;

115 2678 160 2729 W.
181 2677 209 2728 Y.
225 2677 317 2726 Sannio
332 2678 395 2740 (art.
414 2677 541 2735 Vinoinin
556 2678 749 2725 Eucxanorxsom
764 2677 912 2737 caraxamus)
931 2691 936 2723 ι
953 2696 964 2721 c
981 2676 1080 2739 Among
1095 2674 1137 2724 the
1152 2690 1239 2738 perso-

116 2765 196 2812 napes
216 2750 248 2812 of
260 2747 301 2797 the
320 2748 418 2797 Aeneid
438 2748 480 2797 the
500 2747 562 2812 only
577 2763 626 2798 one
641 2746 726 2796 witich
741 2745 847 2795 entittes
867 2746 951 2812 Virpit
968 2750 993 2796 to
1006 2746 1073 2795 rank
1086 2761 1182 2810 amona
1198 2745 1240 2794 the

113 2823 190 2886 preat
212 2825 327 2869 creatora
346 2821 369 2868 is
389 2819 486 2870 Dido...
510 2818 559 2869 She
576 2820 598 2868 is
615 2818 658 2868 the
675 2819 731 2867 sole
745 2819 862 2866 enantion
875 2818 960 2867 which
974 2819 1074 2868 Roman
1085 2820 1180 2881 poetry
1193 2816 1240 2866 has

115 2891 204 2941 added
219 2895 244 2940 to
261 2890 304 2940 the
317 2895 394 2957 preat
407 2891 511 2955 patterp
526 2891 556 2953 of
566 2906 625 2939 men
640 2890 694 2938 and
708 2904 806 2938 women
820 2888 894 2952 fitted
909 2889 941 2954 try
956 2889 998 2938 the
1008 2890 1181 2955 imaginatioe
1196 2893 1240 2938 art

114 2964 147 3026 of
164 2963 289 3027 different
309 2963 385 3011 times
399 2962 455 3011 and
470 2961 583 3026 peoptes¹
609 2961 688 3009 There
707 2974 754 3009 are
768 2960 883 3009 outlines
897 2964 930 3024 os
945 2977 962 3010 a
983 2964 1057 3025 preat
1076 2962 1193 3010 creation
1212 2961 1240 3010 in

114 3036 272 3091 Mezentium
291 3034 337 3084 hat
356 3035 425 3084 Dido
446 3034 520 3082 atone
537 3034 559 3081 is
579 3047 596 3081 a
612 3032 725 3095 life-tile
739 3032 795 3080 and
816 3032 962 3095 completed
978 3034 1093 3096 picture.
1115 3032 1238 3091 »Cl.1o.,

117 3106 167 3154 The
181 3108 280 3155 Roman
292 3110 367 3170 poeta
381 3108 414 3170 os
424 3108 564 3171 Anpnstan
579 3119 636 3169 ape,
655 3101 744 3168 Virpit,
759 3118 783 3166 p.
797 3102 840 3161 69;
853 3104 948 3166 aliaque
962 3118 1011 3152 non
1027 3118 1105 3166 pauca
1116 3104 1240 3165 opinionis

114 3179 223 3239 ejusdem
248 3179 386 3226 testimonia
408 3178 473 3240 apud
497 3178 628 3233 Funerum,
652 3175 676 3222 iu
698 3174 885 3223 Dissertatione
911 3174 1012 3223 editioni
1042 3176 1119 3237 ipsius
1140 3175 1237 3233 addita,

113 3253 131 3298 t.
148 3248 188 3307 ΙΙΙ,
201 3264 225 3310 p.
236 3263 320 3306 xxxvi,
332 3264 356 3297 n.
367 3248 420 3307 120,
430 3253 453 3297 et
470 3247 597 3304 Prennox,
610 3247 634 3294 in
645 3246 739 3293 lurnco.
749 3245 829 3307 ipsius
842 3245 967 3304 editionis,
980 3260 1004 3307 p.
1014 3261 1070 3293 xxv.
1084 3245 1194 3292 Citantur
1207 3245 1238 3292 ab

112 3320 229 3368 alterutro
244 3319 331 3378 Hasna,
350 3319 462 3377 ltrcnrerr,
480 3319 626 3376 Conamnon,
644 3337 655 3361 u
672 3316 729 3365 wlco
744 3313 825 3365 ashed
839 3316 911 3365 wirot
927 3331 980 3365 aas
1001 3315 1050 3378 left
1072 3318 1105 3379 of
1120 3314 1202 3378 Virpit
1216 3314 1244 3377 if

114 3389 214 3439 diction
229 3390 284 3438 arrd
298 3394 379 3439 metre
394 3405 460 3439 were
472 3388 601 3448 removed,
618 3408 630 3432 n
644 3387 772 3448 Cenares,
790 3387 879 3446 Kanna,
896 3388 1046 3446 Marmara,
1062 3387 1175 3446 Boosren,
1190 3389 1237 3435 etc.

146 3460 168 3509 Ι.
186 3461 248 3509 Vide
269 3462 383 3523 superius
407 3462 479 3510 allatu
500 3473 669 3523 germanorum
698 3459 917 3521 britannorumque
936 3459 1114 3520 philologorum
1133 3457 1237 3518 judicia.

114 3531 150 3582 [ΙΙ.
167 3532 193 3579 E.
210 3533 312 3580 Benorsr
327 3532 438 3595 (Introd.
454 3531 486 3580 de
501 3531 583 3580 t’e'dit.
600 3529 632 3578 de
645 3528 760 3594 Virpite)‚
780 3543 804 3590 p.
821 3544 894 3577 cxvur
908 3543 913 3575 :
926 3549 938 3572 «
955 3528 979 3576 n
993 3531 1031 3577 est
1046 3528 1104 3576 orai
1119 3543 1168 3592 qne
1179 3527 1239 3576 t’in-

114 3605 218 3652 vention
232 3603 298 3652 dam
312 3602 349 3652 tes
363 3605 512 3654 caracteres
526 3605 564 3651 est
578 3602 707 3650 mediocre
723 3600 782 3648 chez
802 3600 928 3665 Virpite..·.
947 3619 958 3643 υ
973 3601 1056 3662 Neque
1072 3600 1127 3647 aliis
1143 3600 1167 3647 in
1181 3613 1236 3661 per-

114 3676 182 3723 sonis
195 3690 259 3722 nova
276 3677 429 3738 excogitasse
444 3675 579 3737 Vergilium
599 3673 755 3721 doctissimus
770 3672 833 3720 inter
849 3671 935 3719 Gallos
949 3672 987 3719 vir
1006 3671 1131 3729 concedit,
1150 3671 1198 3718 nisi
1213 3671 1238 3718 io

113 3747 223 3804 Didone,
236 3745 421 3796 Andromacha
439 3751 463 3795 et
478 3743 601 3796 Camilla.
611 3771 641 3780 -
655 3743 767 3792 Ceterum
782 3743 854 3792 nobis
869 3743 947 3790 obiter
962 3743 1156 3800 animadvertere
1171 3743 1237 3803 licet,

110 3818 161 3878 jam
172 3819 236 3879 apud
253 3832 297 3864 nos
311 3817 384 3865 etiam
398 3818 548 3865 imminutam
566 3815 642 3863 luisse
657 3815 683 3862 in
696 3819 782 3863 octavo
797 3814 891 3862 decimo
902 3814 1000 3860 soeculo
1016 3813 1117 3876 Vergilii
1131 3813 1236 3861 admira<

113 3890 213 3938 tionem.
237 3889 273 3936 De
296 3903 344 3951 quo
367 3889 423 3936 vide
442 3889 477 3936 Lx
497 3889 589 3946 llrnrs,
606 3885 734 3935 Conrado
752 3886 926 3943 Litteratnre,
944 3885 960 3932 Ι.
977 3885 999 3942 Ι,
1021 3885 1059 3932 ch.
1078 3899 1112 3945 1v,
1131 3887 1190 3932 sect.
1212 3883 1236 3930 2.

114 3979 126 4003 «
145 3961 215 4008 Ponr
229 3959 395 4018 t'invention,
411 3960 447 4007 les
462 3959 598 4008 caracteres
616 3960 639 4006 et
656 3956 680 4006 tc
694 3955 772 4020 ptan,
791 3955 947 4004 t’imitatenr
966 3955 1101 4005 d’Homere
1118 3958 1157 4004 est
1171 3957 1242 4004 reste

114 4029 172 4078 hicn
187 4032 344 4080 art-dessoas
361 4031 392 4079 de
408 4029 475 4080 lai...
494 4030 527 4078 Ge
546 4029 593 4092 qrd
610 4029 664 4092 fait
684 4041 721 4075 aa
737 4026 805 4076 total
819 4025 843 4075 te
857 4028 992 4076 caractere
1007 4029 1039 4075 dc
1053 4025 1160 4091 Virpite,
1175 4026 1238 4075 c'est

114 4101 142 4150 ta
160 4104 306 4165 perfectiori
323 4103 447 4162 continue
469 4101 506 4150 da
523 4102 591 4164 style
608 4114 635 4161 »;
652 4098 978 4159 -Vocm1nn,lissnisnr
998 4098 1023 4148 lc
1040 4099 1130 4148 Poeme
1143 4099 1238 4162 tpiqae

89 4168 91 4171 ’
114 4172 205 4236 (ΙΊ33),
221 4175 389 4237 imprimisque
406 4172 524 4222 Candide
543 4172 633 4235 (1759),
649 4171 689 4222 ah.
707 4185 766 4230 xxv,
783 4170 824 4218 ubi
837 4171 946 4232 carpitur
963 4170 1084 4233 Vergilius
1100 4170 1165 4233 quod
1180 4185 1237 4233 per-

114 4259 187 4292 sonas
202 4260 249 4292 noo
266 4246 326 4293 satis
340 4246 409 4294 vivas
424 4245 578 4302 confinxerit,
594 4243 699 4305 exempli
714 4242 793 4303 gratia
808 4260 820 4285 c
835 4240 862 4290 ta
882 4241 1031 4307 hoarpcoise
1046 4242 1155 4299 Amata,
1173 4239 1235 4290 t‘in-

113 4315 198 4377 sipide
219 4317 353 4373 Lacinia,·
374 4335 385 4360 n
414 4343 444 4353 -
464 4315 678 4372 Cirrrnnucnrsno,
703 4313 782 4362 thie
805 4312 841 4361 da
865 4313 1077 4370 Christianisme,
1105 4318 1168 4375 part.
1200 4313 1235 4371 ll,

115 4388 131 4434 l.
150 4387 178 4447 ll,
193 4392 253 4438 sect.
270 4402 301 4447 x;
317 4392 364 4437 eto.
