2844 4928
149 285 192 354 48
574 360 577 366 ,
601 309 678 355 rans
701 310 806 356 aaron.

148 489 249 573 gusta
269 481 603 567 Carthaginiensium
622 484 752 568 regina,
769 480 982 568 gravissimis
992 482 1174 549 laboribus
1189 462 1269 549 viri-

147 591 226 657 liter
245 595 412 679 occupata
431 590 585 673 contulit,
605 611 717 656 nonne
737 591 802 656 hoo
821 591 857 656 in
876 591 991 657 animo
1005 590 1118 680 potuit
1137 589 1269 657 hahere

148 701 186 763 ut
214 695 423 783 signiticaret
446 692 588 779 Didoni,
605 697 674 762 ‘vel
703 697 785 763 olim
813 703 941 787 nuptae
974 697 1135 786 curisque
1164 697 1270 763 tantis

147 803 314 887 intentae,
338 804 531 890 virgineum
555 808 669 870 tamen
698 803 830 894 aliquid
858 804 1067 894 superesse?
1098 805 1270 873 Maturius

148 911 240 978 enim
259 912 332 978 viro
357 910 498 977 orbatae
524 932 607 976 num
636 912 668 976 ei
700 911 781 977 satis
807 910 943 977 abunde
967 911 1036 976 frui
1064 932 1271 979 concessum

67 1098 70 1109 .
148 1014 200 1084 est
219 1040 270 1100 ea,
293 1040 381 1107 quae
402 1018 511 1086 mutui
530 1019 656 1085 amoris
677 1023 739 1099 est,
763 1018 925 1085 felicitate
936 1019 955 1100 ‘l
972 1045 987 1079 «
1010 1016 1172 1088 Resides»
1189 1018 1271 1108 qui-

148 1125 228 1192 dem
242 1126 302 1192 illa
320 1127 397 1216 ipsa
415 1129 535 1216 postea
551 1125 731 1212 jactabit«
750 1127 881 1192 animos
903 1152 919 1187 »
941 1147 1038 1207 suos,
1071 1152 1088 1191 «
1110 1124 1271 1192 desueto-

149 1255 214 1323 que
244 1231 348 1301 cordo
379 1261 408 1300 o.
439 1232 528 1300 Num
556 1255 638 1299 vero
666 1231 789 1299 resides
821 1233 903 1323 quia
930 1232 1073 1322 expleti,
1108 1232 1271 1323 adeoque

148 1339 285 1408 desueto
313 1363 355 1406 ne
376 1339 602 1430 expergefieri
625 1341 781 1431 possint?
801 1339 939 1408 Minime
959 1340 1133 1431 prolect03
1163 1339 1273 1407 Dido

146 1470 295 1538 nemque
329 1446 502 1534 Vergilius
538 1470 617 1514 cum
653 1448 784 1534 virgine
818 1447 883 1513 dea
912 1447 1145 1538 comparando
1173 1448 1272 1515 istud

148 1557 247 1645 qnasi
266 1556 396 1638 furtim,
420 1560 453 1621 et
471 1578 549 1622 cum
567 1555 749 1642 ingeniosa
768 1554 921 1644 quadam
940 1556 1095 1622 castitate
1109 1557 1272 1645 assequi-

147 1668 204 1728 tur
218 1669 256 1729 ut
273 1663 407 1729 facilius
431 1662 634 1750 intellegant
660 1664 815 1750 legentes
840 1686 909 1753 qno
933 1664 1113 1753 repentino
1139 1662 1270 1730 ardore

145 1770 361 1861 juvenilique
397 1770 572 1837 alacritate
600 1770 751 1837 Aeneam
785 1792 901 1836 amare
930 1770 1037 1852 Dido,
1066 1792 1272 1860 quanquam

135 1884 283 1945 ,matura
298 1878 372 1965 jam
392 1884 515 1961 aetate,
537 1879 694 1968 incipiat,
717 1901 757 1943 ex
781 1900 850 1968 quo
873 1877 976 1944 heros
996 1877 1069 1961 ille,
1097 1903 1113 1938 «
1140 1899 1180 1943 os
1199 1877 1271 1944 hu-

148 2008 330 2076 merosque
344 1985 409 2052 deo
425 1986 544 2052 similis
562 2013 578 2047 »
595 1991 827 2076 renovataque
843 1984 1100 2075 pulchritudine
1114 1984 1269 2072 fulgenS,

149 2097 265 2160 coram
285 2093 523 2183 obstupefacta
541 2094 662 2179 regina
681 2093 795 2161 adstat
807 2100 828 2158 ¹.

685 2396 732 2464 IV

149 2570 280 2652 riULLa'M
295 2609 379 2653 APUD
394 2607 529 2652 PRIORES
544 2607 662 2652 POETAS
677 2605 754 2652 ESSE
775 2607 913 2650 SIMILEM
932 2606 1133 2650 FUTURARUM
1152 2605 1273 2651 RERUM

560 2695 855 2741 PRAEPARATIONEM.

192 2917 484 3004 Diligentissimae
530 2922 646 2983 autern
692 2915 1032 3007 sapientissimaeque
1079 2936 1273 3006 praepara-

148 3027 251 3094 tionis
270 3025 405 3092 nullum
424 3046 570 3116 usquam
591 3023 684 3114 apud
703 3024 836 3115 priores
854 3027 986 3113 poetas,
1006 3023 1066 3112 qui
1082 3044 1151 3088 nou
1170 3021 1274 3089 dissi·

62 3205 73 3228 ,
148 3133 247 3201 miles
284 3154 418 3202 amores
460 3133 661 3219 attigerant,
692 3131 888 3222 exemplum
921 3130 1076 3216 Vergilio
1115 3130 1271 3220 reperire

151 3247 235 3308 erat.

197 3348 298 3430 Quod
318 3349 409 3414 enim
433 3347 477 3413 ad
500 3346 711 3413 homericam
730 3344 861 3413 Circam
886 3346 1017 3427 attinet,
1038 3366 1163 3434 parum
1186 3368 1272 3436 pro-

149 3457 238 3523 fecto
258 3457 383 3523 mirum
404 3461 455 3522 est
475 3455 503 3519 si
522 3454 617 3520 nulle
637 3455 786 3520 emineat
804 3453 897 3542 apud
916 3452 1011 3519 illam
1037 3474 1154 3519 rerum
1180 3477 1271 3543 quae

151 3563 195 3630 ad
225 3564 377 3629 animum
406 3566 561 3652 spectent
591 3583 683 3628 cura.
715 3560 919 3646 Prodigiosa
943 3582 1085 3648 prorsus
1110 3567 1272 3628 narratur

150 3672 215 3737 ista
241 3670 370 3753 fabula,
389 3669 644 3736 incredibilium
674 3667 885 3750 redundanS,
907 3674 1025 3757 utpote
1049 3668 1083 3732 in
1109 3690 1178 3757 qua
1200 3690 1272 3735 non

183 3947 322 3997 l.Boumun
338 3947 516 4006 (Lesdmours
537 3935 632 3992 d'llne'e
658 3947 683 3992 et
705 3943 737 3992 de
758 3942 859 4001 Didor,
879 3943 950 3995 trud.
970 3957 1001 3992 en
1018 3945 1065 4007 fr„
1091 3942 1159 4001 1742,
1185 3944 1268 4006 Prdf„

152 4023 278 4075 xxix-xxx)
309 4017 439 4080 Vergilium
465 4017 574 4065 defendit
600 4016 719 4064 adversus
746 4015 926 4077 criminationes
949 4016 1101 4078 quorundam
1130 4015 1271 4064 criticorum

151 4113 162 4136 «
182 4092 229 4156 qui
242 4094 288 4138 out
301 4087 429 4153 pretende
448 4103 497 4152 que
516 4087 603 4136 Didorr
620 4101 646 4136 se
666 4086 730 4136 livre
750 4091 807 4150 trop
828 4086 983 4151 legeremerrt
1002 4090 1018 4136 d
1036 4101 1083 4135 son
1098 4101 1191 4136 amour
1203 4100 1272 4149 pour

152 4179 187 4212 uu
202 4165 354 4226 e‘truuper...
371 4160 442 4208 Pour
451 4161 536 4224 juger
550 4160 619 4207 ainsi
633 4158 664 4207 de
680 4162 746 4208 cette
760 4160 844 4215 reine,
860 4157 881 4207 il
896 4161 959 4222 saut
973 4158 1075 4207 n¹oooir
1087 4173 1137 4221 pos
1157 4159 1212 4221 fait
1227 4162 1272 4207 at·

151 4236 282 4284 tentione
299 4232 361 4281 l'art
374 4231 438 4280 dont
458 4229 553 4294 Virqile
570 4230 632 4280 s’est
644 4232 720 4289 servi,
737 4247 788 4280 non
802 4229 944 4280 seulement
956 4245 1024 4294 pour
1039 4228 1067 4279 ta
1083 4229 1178 4279 rendre
1193 4230 1271 4295 dique

151 4305 278 4364 d’ereuse,
295 4305 361 4354 mois
376 4303 456 4352 me'me
467 4318 537 4367 pour
548 4303 618 4366 seire
629 4302 714 4352 sentir
728 4301 792 4367 qu'il
804 4317 835 4350 oe
849 4301 887 4351 lui
902 4303 975 4353 uouit
986 4317 1037 4368 pos
1046 4304 1089 4354 etc
1099 4301 1271 4354 moralcment

149 4375 262 4442 possible
276 4378 308 4429 de
323 4391 355 4426 ne
367 4391 416 4441 pos
430 4375 590 4426 succomber.
608 4393 620 4418 u

205 4756 331 4895 Χ
