2844 4928
590 344 688 391 carus
715 347 864 392 resnou.
1222 325 1285 390 125

162 512 262 579 lutea·
275 518 308 579 et
327 512 426 600 Egle,
448 517 692 605 praetermisit.
715 516 778 583 Vix
799 517 885 583 illud
909 517 951 583 de
977 517 1118 584 Galatea
1143 516 1283 586 obiter:

413 708 572 763 Candidior
586 711 696 776 cycnis,
708 712 817 767 hedera
830 690 988 787 formosior
999 711 1093 762 albat

209 878 301 959 Quid
318 884 433 945 autem
457 879 534 946 ita?
562 879 653 945 Num
678 885 800 971 poetae
828 882 953 963 nostri,
983 881 1018 946 in
1044 881 1287 971 perspicienda

162 983 422 1075 pulchritudine
441 1007 566 1077 parum
586 988 814 1076 perspicacis,
841 987 999 1054 sensibus
1029 993 1064 1054 et
1087 987 1194 1054 oculis
1224 987 1286 1054 de-

161 1091 269 1157 fuisse
299 1091 430 1182 aliquid
459 1092 741 1179 conjiciendum?
771 1095 816 1161 At
844 1094 986 1182 Vergilii
1019 1095 1125 1161 vitam
1166 1117 1286 1185 corpo·
1366 1114 1368 1119 ’

162 1219 329 1288 reamque
349 1198 502 1265 indolem
521 1221 590 1265 non
610 1200 692 1267 satis
712 1201 779 1266 alte
800 1201 970 1267 novimus.
993 1203 1105 1268 --Au
1124 1224 1207 1268 vero
1227 1225 1286 1291 pa-

161 1326 241 1371 rum
274 1305 381 1372 ubere
417 1307 555 1392 ingenio
589 1307 767 1397 praeditus
806 1308 840 1373 in
878 1307 1041 1394 fingenda
1080 1308 1286 1399 sibimetipsi

159 1432 389 1502 personarum
411 1435 551 1480 suarum
577 1413 690 1480 forma
715 1414 907 1480 credendus
936 1415 1013 1481 est?
1041 1415 1161 1504 Neque
1186 1416 1284 1504 equi-

158 1517 240 1584 dem
259 1520 457 1606 negaverim
479 1519 685 1606 Vergilium,
709 1521 892 1610 siquidem,
914 1526 952 1587 ut
980 1521 1136 1603 tradunt,
1166 1544 1285 1588 recou-

157 1624 232 1692 dita
250 1627 349 1715 quasi
368 1632 503 1709 natura,
526 1628 726 1717 tristiorque
744 1632 778 1694 et
791 1627 1019 1711 verecundus,
1033 1633 1078 1710 et,
1092 1668 1129 1677 -
1148 1627 1197 1718 (ut
1209 1629 1285 1719 pul-

157 1732 280 1799 chrum
301 1731 562 1800 Ciceronianum
583 1734 790 1800 vocabulum
816 1735 1011 1824 usurpem),
1037 1775 1080 1784 -
1093 1732 1282 1822 'solivagus

155 1839 233 1921 suit,
255 1879 298 1889 —
317 1841 362 1906 ad
380 1841 545 1907 interiora
565 1842 688 1907 mentis
710 1842 928 1930 potissimum
952 1843 1160 1932 respexisse,
1194 1844 1281 1909 sieut

157 1949 192 2012 et
212 1945 333 2013 Gallici
353 1947 493 2037 quidam
515 1948 605 2014 soliti
626 1953 705 2015 sunt
727 1948 850 2014 decimi
871 1949 1007 2039 septimi
1028 1949 1153 2015 saeculi
1176 1950 1282 2039 serip—

155 2054 283 2121 tores².
311 2053 380 2121 Sed
409 2076 549 2121 causam
580 2056 683 2122 istam
707 2078 845 2146 quoque
872 2055 1035 2142 subjicio,
1058 2078 1147 2145 quae
1171 2057 1281 2142 magis

156 2160 273 2242 etiam,
308 2168 344 2228 ut
371 2163 506 2252 opinor,
537 2185 621 2229 vera
651 2168 703 2228 est
734 2185 810 2243 :,-
841 2162 1007 2250 Vergilio,
1039 2152 1155 2247 credo,
1188 2163 1282 2231 vide-

155 2267 261 2334 batur
290 2269 440 2359 plurima
472 2271 508 2335 in
537 2270 591 2336 his
619 2271 714 2337 vario
744 2271 920 2337 variorum
947 2269 1115 2337 lectorum
1140 2270 1281 2337 arbitrio

155 2396 232 2441 esse
276 2376 528 2465 permittenda,
571 2399 870 2467 personarumque
912 2399 1057 2467 corpore
1092 2399 1132 2444 ac
1168 2378 1281 2464 figura

154 2481 277 2572 primis
298 2483 537 2550 tantummodo
556 2484 656 2550 lineis
675 2508 696 2551 a
715 2491 818 2575 poeta
837 2485 1064 2566 adumbratis,
1080 2493 1193 2552 cetera
1207 2485 1280 2551 uni-

153 2590 279 2679 cuique
297 2590 341 2656 ad
359 2590 497 2656 libitum
518 2590 703 2682 supplendi
723 2591 919 2658 libertatem
940 2591 1198 2658 concedendam
1210 2591 1232 2658 ³.

200 2695 276 2762 Non'
295 2697 402 2784 igitur
421 2698 613 2788 perieulum
632 2699 758 2764 fuitne
789 2699 825 2765 in
855 2697 1020 2766 Camillae
1050 2696 1280 2765 describenda

153 2804 268 2870 forma
287 2804 389 2869 nimis
409 2805 663 2888 immoraretur,
686 2828 764 2871 cum
785 2811 897 2872 tamen
915 2805 1016 2896 plura
1035 2805 1077 2871 de
1089 2806 1149 2872 illa
1163 2805 1279 2872 dicere

153 2933 259 3000 quam
279 2910 322 2976 de
341 2911 418 3000 ipsa
436 2911 569 2978 Didone
589 2912 751 2979 idoneum
772 2913 955 2982 censuerit.
979 2910 1049 2979 Sed
1069 2935 1110 2979 ea
1137 2912 1279 2979 demum

152 3017 238 3084 dicit
257 3041 346 3108 quae
371 3022 548 3086 strenuam
577 3020 747 3106 virginem
777 3019 945 3099 deceant,
974 3041 1042 3086 non
1067 3020 1156 3102 illos,
1189 3042 1277 3108 quae

152 3125 266 3192 solent
281 3124 375 3215 apud
386 3125 532 3191 feminas
551 3125 699 3208 laudari,
720 3127 871 3216 lepores,
893 3111 1205 3209 colorem'scilieet,
1219 3130 1278 3193 aut

149 3232 281 3314 cotilae,
313 3236 372 3298 aut
400 3232 526 3299 collum
539 3233 561 3316 ⁵,
594 3231 771 3323 depingit,
810 3233 952 3323 (quippe
986 3234 1041 3299 cui
1070 3240 1104 3300 et
1132 3234 1276 3300 nimium

182 3428 205 3477 1.
220 3426 279 3479 Ecl.
295 3426 348 3488 Vll,
362 3427 401 3476 38.

180 3500 204 3550 2.
221 3498 263 3548 Sic
275 3499 299 3546 in
315 3498 479 3561 pulcherrima
492 3499 535 3547 illa
557 3499 667 3548 fictarum
690 3498 805 3556 omnium,
821 3513 884 3562 quae
900 3502 956 3547 tunc
972 3499 1071 3562 quidem
1087 3499 1191 3561 scriptae
1207 3502 1272 3559 sunt,

148 3571 326 3630 narrationum,
342 3571 381 3619 cui
394 3569 480 3619 titulus
495 3571 637 3619 inscribitur
653 3569 680 3619 lu
695 3569 829 3619 Prinoessa
846 3569 879 3619 de
895 3569 990 3628 Cleuas,
1007 3570 1066 3617 nihil
1084 3570 1114 3618 de
1135 3570 1206 3617 amati
1228 3569 1274 3618 viri

148 3642 301 3705 amantisque
317 3641 427 3691 mulieris
443 3642 519 3690 torma
533 3643 653 3700 novimus,
666 3642 713 3689 nisi
730 3642 896 3690 tantummodo
911 3641 1049 3690 istiusmodi
1064 3640 1183 3703 quaedam
1196 3656 1201 3688 :
1214 3660 1226 3684 «
1242 3641 1275 3689 Ge

144 3711 318 3776 princeeluit
328 3712 522 3775 persultemertt
538 3711 595 3760 bien
617 3713 701 3775 fuit...
721 3710 939 3761 admirablement
959 3711 1015 3760 bien
1038 3712 1122 3774 fuit...
1145 3709 1169 3758 ll
1191 3713 1276 3774 perui

148 3781 221 3832 alors
235 3785 252 3831 ὰ
267 3781 295 3831 la
310 3783 379 3832 Cour
392 3797 442 3832 atne
457 3781 552 3831 beuute'
562 3783 609 3848 qui
623 3783 709 3832 attica
724 3781 761 3831 les
775 3795 845 3846 ‚uerte
861 3783 894 3831 de
907 3785 965 3830 tout
978 3781 1001 3830 ie
1013 3781 1106 3830 moade
1120 3784 1146 3829 ct
1157 3780 1206 3830 l'on
1219 3782 1276 3830 doit

148 3857 232 3904 croire
247 3868 297 3918 que
311 3853 402 3902 e'etait
416 3869 467 3903 une
484 3854 581 3902 beaute
590 3855 718 3918 perfude,
734 3857 804 3902 etc...
825 3854 861 3902 Lu
885 3852 1028 3902 biancheto·
1049 3852 1081 3902 de
1101 3868 1148 3901 son
1168 3853 1235 3901 taint
1250 3854 1275 3901 et

147 3941 188 3976 aes
202 3925 318 3975 chareus
333 3924 425 3975 blondo
440 3924 480 3974 lui
492 3925 639 3974 donauicat
650 3941 686 3974 cru
701 3925 768 3974 eolat
784 3939 834 3989 quc
849 3923 899 3973 l'on
914 3923 960 3973 u'u
971 3925 1077 3989 juranis
1087 3939 1120 3972 uu
1135 3923 1198 3988 qu'ci
1212 3921 1277 3980 elta·

148 4000 208 4046 tous
221 4011 261 4046 aes
275 3998 354 4046 truita
369 3998 468 4049 etaient
480 3996 609 4063 repetiere
621 4000 647 4045 et
659 4012 706 4046 aon
721 3998 810 4062 utraqu
830 4000 856 4045 et
872 4011 901 4045 su
923 4011 1049 4060 personne
1070 3996 1169 4045 etaient
1190 3994 1275 4059 pletas

147 4067 180 4117 dc
193 4071 271 4133 prore
286 4071 312 4118 et
327 4068 359 4117 de
370 4069 484 4117 rlrurme.
504 4087 515 4112 o

176 4138 200 4188 3.
217 4138 318 4189 Veneris
332 4141 410 4202 ipsius
428 4140 563 4202 vergiliana
577 4139 709 4201 descriptio
725 4139 808 4187 brevis
823 4143 860 4186 est
876 4138 959 4202 (Aen,
976 4138 1133 4201 1‚314sqq.,
1149 4137 1195 4186 402
1207 4137 1273 4200 sqq.)

146 4237 178 4247 -
193 4211 274 4273 Atque
289 4212 313 4259 iu
330 4211 376 4259 hoe
391 4225 486 4273 quoque
504 4211 534 4258 ab
550 4210 724 4258 Alexandrinis
741 4211 865 4272 sapienter
886 4210 993 4258 discedit
1010 4209 1145 4273 Vergilius,
1167 4208 1198 4256 de
1214 4210 1273 4270 qui-

146 4281 194 4331 bus
210 4297 232 4332 r.
248 4281 335 4342 Coum,
351 4297 392 4344 op.
409 4283 460 4340 cit,
477 4296 501 4343 p.
519 4281 575 4340 151,

179 4353 203 4401 l.
221 4353 396 4402 Tantummodo
412 4355 436 4401 in
453 4354 516 4402 Aen.
535 4352 586 4412 Vll,
605 4353 660 4411 815,
677 4373 688 4396 α
706 4353 773 4400 leves
788 4353 901 4400 humeros
918 4371 929 4395 »
946 4351 1060 4401 Camillae
1069 4356 1141 4416 poeta
1151 4351 1271 4415 designat.

146 4452 178 4466 ·-
192 4425 254 4477 Mire
268 4431 349 4481 autem
363 4427 466 4477 robusta
481 4425 582 4476 Camilla
598 4440 613 4474 a
628 4425 734 4489 pueritia
744 4425 806 4472 tuit:
822 4424 855 4476 ct.
870 4423 912 4484 Xl,
928 4424 984 4476 574.
