2844 4928
213 293 257 359 32
673 311 748 356 1111
772 312 876 358 aaron.

210 489 309 556 istius
330 487 440 569 dolor,
462 507 531 575 quo
546 484 695 570 dignitas
715 485 977 553 Andromachae
997 489 1108 573 magis
1127 489 1231 554 etiam
1257 509 1335 553 cru-

209 597 301 663 ciata
319 595 383 660 fuit
393 615 497 682 quam
508 613 633 682 corpus
647 592 882 660 dilaceratum.
895 595 1170 686 Dicuntquidem
1182 600 1334 661 matrum

212 726 253 770 cx
280 700 403 769 animis
432 699 589 766 excidere
620 700 744 781 solere,
765 702 869 790 paulo
895 707 973 792 post
995 710 1144 792 parturn,
1173 702 1335 791 pariendi

212 809 436 878 molestiam:
461 807 560 894 cujus
586 813 701 873 tamen
729 807 872 875 oblitam
899 809 1004 875 luisse
1025 809 1165 876 Molossi
1184 813 1334 875 matrem

211 916 387 1004 Vergilius
407 914 603 981 acutissime
623 914 732 980 noluit
744 915 765 980 ¹.

254 1022 359 1114 Apud
378 1020 579 1111 Euripidem
599 1043 702 1107 aegre
721 1023 793 1112 pati
810 1022 946 1089 videtur
959 1023 1177 1113 Neoptolemi
1195 1024 1335 1113 captiva

211 1131 305 1222 quod
323 1131 558 1211 Hermionam,
575 1151 611 1194 se
625 1129 703 1218 ipsa
723 1129 898 1212 derelicta,
917 1136 1126 1220 anteponere
1149 1131 1331 1220 inceperit,

209 1244 269 1306 aut
289 1238 410 1304 saltem
429 1259 472 1302 ne
499 1236 565 1302 sihi
590 1240 712 1302 noceat
734 1237 800 1303 ista
823 1237 953 1313 domini
972 1239 1026 1305 sui
1045 1238 1206 1304 alienatio
1230 1238 1334 1304 valde

210 1347 348 1427 metuit;
380 1382 424 1393 -
451 1342 625 1430 Vergilius
648 1365 730 1409 vero
759 1343 918 1410 eamdem
941 1367 1015 1410 rem
1047 1346 1095 1411 ita
1132 1349 1264 1426 narrat,
1298 1350 1352 1411 ut-

210 1455 324 1545 potius
343 1456 499 1518 recreata
518 1455 770 1540 exonerataque
787 1451 891 1518 fuisse
906 1451 1076 1536 videatur,
1097 1474 1176 1518 cum
1189 1452 1334 1520 tandem

211 1560 364 1650 Pyrrhus

350 1753 492 1806 Ledaeam
508 1753 695 1806 Hermionam
709 1753 1010 1820 Lacedaemoniosque
1026 1757 1203 1822 hymenaeos

211 1932 349 1994 secutus
368 1930 430 1993 est.

254 2034 410 2123 Denique
445 2032 539 2124 apud
570 2033 791 2124 Euripidem,
828 2015 896 2100 sub
934 2034 1037 2101 finem
1070 2034 1334 2105 Andromachae

210 2140 410 2227 tragoediae
425 2141 449 2222 ²,
471 2140 628 2207 Hectoris
648 2141 746 2206 uxori
764 2139 888 2207 viduae
908 2141 1131 2230 promittitur,
1154 2143 1253 2231 quasi
1272 2165 1334 2210 an-

210 2247 398 2314 tecedentis
423 2248 598 2313 servitutis
627 2246 792 2314 solacium
816 2269 855 2314 ac
879 2270 1029 2331 merces,
1051 2249 1178 2336 trojani
1206 2249 1334 2316 Heleni
1366 2302 1369 2307 ,

210 2355 451 2442 conjugium...
487 2353 688 2440 Vergiliana
717 2376 798 2435 vero
830 2354 1073 2422 Andromacha
1109 2379 1178 2422 non
1211 2357 1333 2425 reticet

212 2462 310 2552 (adeo
329 2467 445 2528 tamen
464 2483 507 2527 ue
531 2461 615 2550 quid
634 2462 670 2527 in
693 2461 862 2527 Helenum
884 2464 1163 2531 contumeliosius
1184 2464 1330 2552 emittat)
1355 2501 1358 2505 .

209 2569 350 2636 tertium
375 2568 463 2635 illud
483 2597 499 2630 «
522 2569 759 2656 conjugium»
786 2569 852 2636 sibi
875 2568 960 2634 nihil
984 2568 1078 2635 aliud
1096 2568 1206 2635 videri
1225 2591 1332 2659 quam

210 2698 334 2743 novam
366 2677 535 2765 aliquam,
568 2681 671 2765 atque
699 2676 754 2741 vix
782 2677 896 2742 minus
924 2680 1079 2766 turpem,
1111 2678 1330 2745 continuatae

138 2795 143 2804 '
212 2784 386 2853 servitutis
405 2804 632 2850 aerumnam:

351 2983 397 3033 Me
413 2980 515 3044 [amulo
530 2978 714 3043 famulamque
729 2978 840 3032 Heleno
854 2980 1006 3030 transmisit
1020 2979 1202 3030 11αὸ1ηά1113.

257 3153 376 3242 Neque
396 3157 512 3219 tamen
532 3152 644 3218 minus
664 3174 704 3217 ex
723 3151 876 3218 Aeneide
897 3175 1001 3241 quarn
1022 3176 1062 3218 ex
1081 3152 1258 3243 Euripidis
1278 3154 1324 3220 fa·

212 3260 304 3327 bulis
325 3261 452 3326 eminet
472 3265 627 3324 materna
650 3259 711 3324 illa
733 3261 857 3326 caritas
878 3262 977 3346 cujus
1001 3260 1080 3325 inde
1105 3260 1151 3326 ab
1178 3260 1331 3328 Homero

213 3368 312 3458 quasi
352 3366 527 3455 exemplar
570 3367 716 3455 proponi
756 3366 1037 3432 Andromacham
1074 3366 1331 3456 quodammodo

212 3497 352 3542 necesse
374 3480 426 3539 est
440 3473 462 3539 ⁸.
490 3471 560 3539 Sed
580 3471 622 3537 de
642 3471 848 3559 Astyanacte
874 3495 1011 3563 semper
1031 3475 1158 3540 mentio
1179 3474 1217 3540 fit
1236 3476 1333 3565 apud

245 3669 266 3718 1.
286 3670 368 3728 Parni,
386 3671 460 3734 Trap.
476 3682 557 3734 qrecs,
581 3668 621 3725 ΙΙΙ,
640 3682 664 3729 p.
683 3668 727 3717 291
750 3685 755 3717 :
779 3688 791 3713 a
810 3667 1024 3733 L'Andromaque
1045 3669 1128 3718 latine
1145 3669 1187 3718 n’a
1208 3671 1264 3730 fait
1282 3685 1333 3734 que

213 3751 340 3790 trauerser
355 3740 382 3788 ia
395 3740 528 3790 servitude
541 3742 567 3788 et
580 3754 620 3788 ses
634 3742 769 3805 catrapes,
787 3758 799 3783 c
813 3744 858 3791 etc.

244 3812 266 3861 2.
286 3811 424 3872 Androm„
440 3811 501 3860 1243
515 3825 568 3874 sqq.

243 3883 267 3934 3.
286 3884 365 3932 Parva
380 3898 434 3931 cnm
457 3884 571 3932 ielicitaie
589 3883 733 3931 Pascuntur
757 3899 763 3931 :
786 3903 797 3927 «
819 3883 857 3931 Me
881 3884 969 3932 sarnaio
987 3883 1171 3949 subolemque!
1190 3904 1201 3929 υ
1223 3913 1251 3920 -
1277 3886 1333 3935 Filii

213 3969 318 4019 quoque,
328 3955 365 4003 cui
377 3969 464 4003 nornen
479 3953 614 4013 Cestrinus‚
625 3969 696 4016 quern
711 3970 740 4002 ex
755 3955 847 4003 Heleno
869 3955 1039 4004 Andromacha
1059 3957 1183 4018 peperisse
1205 3956 1333 4022 dicebatur

214 4027 256 4091 (ci.
273 4027 388 4085 Pansam,
407 4028 422 4074 Ι.
444 4026 467 4087 Ι,
484 4026 522 4075 ch.
543 4028 591 4087 11),
612 4026 678 4074 nulia
697 4027 723 4074 nt
741 4027 767 4073 in
786 4027 896 4076 Aeneide
916 4028 1015 4076 mentio.
1034 4055 1062 4062 —
1083 4027 1156 4091 Cujus
1178 4043 1222 4090 ego
1242 4042 1333 4076 versus

213 4098 335 4162 vulgatam
349 4097 477 4146 lectionem
491 4098 590 4159 accepi:
602 4098 724 4160 antiquam
740 4102 818 4146 tamen
829 4099 967 4157 lectionem,
978 4113 1049 4162 quarn
1060 4100 1157 4162 quidem
1168 4101 1237 4161 pauci
1253 4114 1332 4162 neque

214 4169 298 4233 optimi
318 4169 416 4218 codices
431 4169 563 4231 praebent,
579 4168 694 4217 desidero
712 4183 717 4216 z
734 4189 745 4213 «
763 4170 800 4218 Me
815 4171 928 4219 famulam
949 4171 1115 4234 famuloque...
1135 4190 1147 4213 »
1165 4172 1231 4233 quod
1250 4172 1332 4221 laesae

215 4261 226 4286 a
245 4242 354 4303 dejectae
373 4260 384 4284 u
399 4242 498 4303 reginae
512 4239 624 4303 dignitati
638 4241 729 4302 magis,
746 4245 772 4288 ut
785 4241 880 4303 opinor,
897 4244 1033 4293 conveniat.

246 4312 268 4362 i.
287 4312 360 4375 Apud
374 4313 476 4360 'izerzsu
491 4312 647 4374 (Homerica,
661 4310 708 4360 317
722 4311 786 4375 sqq.)
800 4313 862 4361 duos
872 4328 901 4362 ex
916 4314 1019 4363 Hectore
1033 4315 1105 4373 iiiios,
1115 4329 1168 4361 curn
1185 4314 1332 4378 Astyanacte

216 4383 373 4443 Laodamum,
389 4382 560 4432 Andromacha
574 4383 700 4445 peperisse
714 4385 812 4432 dicitur.
