2844 4928
558 333 732 378 consensio.
1143 310 1206 374 159

86 527 314 596 unaquaeque
333 506 472 572 illarum
494 505 653 572 distinete
674 512 708 573 et
732 506 876 573 seorsim
895 528 916 571 a
935 502 1058 572 'ceteris
1076 504 1206 570 intolli—
1286 573 1289 584 ,

89 613 225 697 gantiae
244 618 394 695 nostrae,
416 612 522 679 immo
543 614 743 698 memoriae,
772 613 992 703 imprimatur
1019 615 1054 678 et
1080 610 1208 678 adhae-

89 724 173 786 reat.

620 863 668 930 lll

130 1057 223 1144 Ergo
243 1059 314 1124 sive
331 1080 388 1125 eas
403 1080 569 1149 personas
586 1059 790 1150 inspexeris,
804 1058 848 1124 ad
865 1079 950 1147 quas
969 1055 1205 1124 informandas

88 1164 242 1231 subsidia
260 1165 434 1251 Vergilius
454 1166 614 1232 multa—
631 1165 711 1256 (non
730 1170 845 1231 tamen
866 1165 967 1256 plura
987 1186 1091 1254 quam
1111 1164 1207 1230 novi-

88 1271 176 1361 mus)
198 1311 240 1321 -—
265 1277 385 1361 parata
404 1273 546 1355 invenit,
580 1270 651 1339 sir‘e
671 1295 729 1339 eas
749 1271 809 1338 ubi
829 1272 942 1338 nullos
958 1271 1031 1338 fere
1049 1275 1207 1337 auctores

87 1400 127 1444 ae
146 1379 341 1464 magistros,
363 1380 460 1445 nulla
478 1379 689 1470 exemplaria
704 1378 868 1444 habuisse
886 1378 985 1444 illum
1005 1383 1149 1456 constat,
1164 1417 1208 1426 -

88 1508 128 1550 ex
154 1485 310 1574 utrisque
339 1508 449 1575 aeque
480 1486 664 1576 comperiri
696 1486 852 1552 existimo
888 1486 1027 1551 minime
1056 1484 1207 1550 defuisse

86 1591 192 1658 latino
211 1597 334 1682 poetae
353 1593 448 1658 illam
468 1594 611 1683 propria
628 1591 825 1659 inveniendi
846 1592 994 1683 copiam,
1009 1592 1104 1658 illam
1120 1613 1210 1658 nova

86 1697 240 1783 fingendi
267 1699 478 1782 facultatem,
508 1699 605 1765 illam
636 1699 766 1786 ingenii
786 1698 980 1765 ubertatem
1005 1699 1144 1788 vimque
1161 1698 1176 1763 f
1196 1737 1209 1746 -

87 1803 235 1870 cundam
251 1827 338 1893 quae
358 1805 483 1872 totiens
502 1810 618 1872 tamen
639 1805 670 1870 ei
690 1804 856 1891 denegari
877 1805 991 1871 solet¹.
1022 1844 1067 1854 -
1091 1802 1208 1884 Quan-

87 1933 191 1999 quam
216 1911 282 1977 hoc
311 1910 451 1978 demum
471 1911 514 1978 de
534 1910 763 1977 muliebribus
781 1911 945 1978 Aeneidis
960 1911 1119 2002 personis
1139 1909 1210 1976 dic-

86 2023 160 2082 tum
180 2016 269 2083 volo.
301 2017 452 2084 Tametsi
471 2018 562 2084 enim
587 2017 680 2084 idem
700 2016 742 2084 de
767 2019 850 2084 viris
877 2040 1016 2107 quoque
1041 2018 1100 2107 qui
1130 2019 1209 2082 sunt

86 2124 122 2190 in
145 2123 299 2191 Aeneide
320 2147 455 2191 mecum
475 2147 652 2209 censeam,
674 2125 813 2192 illorum
832 2131 947 2191 tamen
966 2123 1120 2191 indolem
1138 2146 1208 2190 non

87 2232 169 2296 satis
188 2239 304 2297 exacte
323 2232 489 2322 inquisivi
516 2239 554 2299 ut
580 2232 673 2299 idem
694 2231 736 2298 de
756 2232 825 2302 illis
854 2233 938 2299 mihi
967 2234 1068 2322 plane
1089 2232 1207 2321 explo-

86 2342 199 2404 ratum
217 2337 410 2407 adfirmem.

116 2533 139 2584 1.
157 2535 268 2582 Attamen
284 2534 308 2581 in
325 2534 472 2596 quibusdam
492 2534 669 2583 recentissimis
688 2534 862 2584 Germanorum
883 2532 1060 2596 philologorum
1079 2534 1205 2596 opusculis

83 2605 634 2724 ppplu3rp6i1nmutarisententiamvideo,cni
659 2607 786 2656 adversor.
806 2605 842 2654 ct.
865 2605 949 2663 Pausa,
969 2619 1010 2668 op.
1030 2606 1082 2667 eit,
1105 2620 1129 2668 p.
1148 2605 1204 2667 337,

131 2712 140 2735 ,
204 2713 209 2724 .

425 2953 497 3009 V1n1
516 2964 557 3009 aa
575 2966 725 3022 rnnnnou,

87 3135 92 3151 ‚
126 3077 270 3133 Lutetiae
286 3074 476 3132 Parisiorum
492 3078 524 3133 in
540 3077 689 3147 Sorbona,
702 3093 729 3134 a.
741 3078 836 3134 dxtu
850 3079 918 3134 Kal.
930 3078 1014 3150 Aug.

388 3190 462 3231 ann.
478 3175 758 3244 MDCCCLXXXX‚

88 3296 254 3355 Facultates
268 3300 452 3356 Litterarum
472 3298 507 3354 in
525 3298 692 3356 Academia
709 3298 877 3372 parisiensi
891 3300 1043 3367 Decaaus,

470 3427 507 3482 A.
528 3425 663 3480 HlMLY.

797 3605 891 3659 Tarus
910 3618 1099 3671 usunaron,

702 3726 883 3782 Academiae
893 3726 1077 3799 parisiensis
1091 3728 1205 3795 Recter,

844 3839 1011 3910 ansano.
