2844 4928
494 725 637 796 CAPUT
672 724 912 796 SECUNDUM

606 949 655 1018 Dr
673 949 803 1018 Amare.

570 1210 835 1223 ——n—n—-u—-n

190 1440 279 1507 Illud
306 1438 413 1507 habet
432 1439 622 1526 vergiliana
641 1439 766 1506 Amata
794 1441 973 1530 proprium
1002 1464 1042 1508 ae
1067 1445 1192 1509 notatu
1220 1441 1273 1509 di-

145 1549 361 1636 gnissimum,
393 1546 488 1638 qnod
517 1568 716 1637 quanquam
745 1547 781 1612 in
807 1547 998 1615 Aeneidem
1026 1548 1088 1615 ubi
1111 1549 1271 1639 primum

144 1653 286 1722 inducta
305 1654 349 1722 ab
368 1655 534 1721 Alectone
553 1653 748 1734 invadatur,
775 1694 819 1703 —
842 1655 930 1721 adeo
954 1655 1116 1722 medullis
1144 1655 1273 1724 adhae-

146 1767 243 1829 rente
269 1767 307 1829 ut
325 1762 430 1829 Furia
455 1763 490 1828 in
516 1762 631 1827 locum
656 1761 731 1846 ejus
758 1784 879 1828 revera
904 1764 1091 1830 substituta
1114 1764 1271 1852 putanda

146 1871 201 1954 sit,
218 1910 262 1920 -
277 1892 340 1936 sue
353 1874 469 1937 tamen
489 1868 600 1935 Latini
620 1868 759 1955 conjugi
780 1891 860 1936 vere
880 1871 1046 1937 naturalis
1067 1874 1102 1936 et
1120 1871 1272 1938 feminea

112 1963 116 1973 ¹
147 1983 302 2044 servetur
321 1976 465 2043 indoles,
803 2052 804 2056 Ἰ

190 2084 343 2165 Etenim,
378 2122 423 2132 -
454 2082 554 2149 sicuti
586 2082 687 2151 nohis
721 2082 763 2149 de
790 2082 922 2150 Didone
956 2083 1167 2152 observandi
1197 2084 1270 2171 jam

147 2213 253 2281 supra
279 2183 381 2282 'copia
403 2190 483 2270 fuit,
514 2189 628 2255 -ita
655 2191 863 2280 portentosis
893 2191 1068 2258 miraculis
1091 2190 1270 2276 Vergilius

146 2298 196 2365 uti
216 2297 320 2380 solet,
341 2301 380 2364 ut
402 2317 647 2388 personarum,
670 2317 756 2386 quas
776 2298 1102 2386 repraesentaverit,
1126 2297 1270 2364 adfecti-

145 2405 212 2471 bus
227 2404 417 2472 secundum
433 2408 613 2470 consuetas
633 2410 666 2469 et
679 2404 871 2472 ordinarias
890 2411 1033 2472 naturae
1049 2405 1146 2491 leges
1160 2404 1270 2495 expli·

145 2513 262 2579 candis
283 2512 505 2578 nihilominus
526 2510 682 2577 sedulam
710 2511 920 2600 impenderit
944 2534 1098 2601 operam.
1120 2512 1269 2578 Tantum

148 2620 254 2706 igitur
269 2620 369 2701 abest
388 2625 425 2685 ut
443 2626 558 2708 poeta,
582 2619 664 2706 quia
682 2617 854 2700 Amatam,
878 2619 922 2685 ab
942 2619 1074 2685 inferna
1093 2618 1161 2685 dea
1179 2619 1271 2685 intus

147 2735 366 2816 occupatam,
394 2725 528 2792 arbitrii
555 2726 705 2796 suinon
723 2724 797 2811 jam
826 2747 900 2792 esse
929 2730 1124 2815 compotem
1151 2725 1268 2813 fingit,

146 2833 225 2900 ideo
256 2854 551 2923 supervacaneum
583 2854 657 2898 esse
685 2838 823 2898 censeat
849 2834 1005 2899 naturale
1033 2833 1167 2898 irarum
1195 2833 1270 2919 ejus

147 2941 399 3009 incrementum
425 2939 639 3020 describere,
667 2944 848 3005 utcontra
873 2939 1051 3005 muliebris
1074 2939 1203 3006 furoris
1228 2939 1271 3006 ab

148 3040 280 3134 origine
308 3070 418 3136 usque
445 3046 490 3113 ad
517 3047 644 3113 exitum
674 3047 947 3136 copiosissimam
972 3047 1066 3113 velut
1089 3046 1272 3113 historiam

148 3154 347 3221 evolve1·it¹.

192 3262 280 3326 Nam
318 3261 487 3350 primum,
514 3260 669 3346 Vergilio
697 3259 802 3342 duce,
836 3260 1001 3327 adsumus
1040 3260 1083 3327 ad
1118 3287 1135 3321 «
1164 3260 1272 3328 limen

146 3368 302 3451 Amatae,
327 3394 342 3429 »
364 3366 458 3457 quod
478 3367 619 3458 quidem
641 3393 657 3430 c
679 3368 846 3446 tacitum²
869 3394 884 3430 >r
907 3369 1073 3458 appellat.
1100 3367 1166 3434 lllo
1188 3391 1271 3436 vero

180 3601 203 3650 1.
223 3601 316 3650 Recens
331 3600 430 3663 quidam
446 3599 593 3662 philologus,
610 3599 680 3661 cujus
695 3601 726 3648 de
746 3598 848 3662 Vergilii
864 3603 916 3648 arte
931 3598 1041 3648 imitandi
1057 3599 1200 3648 dissertatio
1216 3600 1273 3663 plu·

149 3673 235 3722 rimum
252 3672 308 3721 boni
324 3672 397 3720 habet
413 3671 512 3734 (Caura,
525 3686 566 3734 op.
582 3672 634 3731 cit,
650 3686 674 3734 p.
692 3672 745 3734 22),
761 3670 791 3720 de
807 3671 852 3720 hoc
874 3685 1003 3734 perperam
1019 3671 1110 3719 sentire
1126 3670 1187 3719 mihi
1202 3672 1272 3721 vide·

149 3747 188 3792 tur
203 3759 209 3792 :
226 3763 237 3788 a
257 3741 343 3807 Verqil
362 3743 399 3804 (in
414 3743 520 3807 Amata)
541 3742 589 3793 bat
608 3742 650 3792 die
668 3743 795 3808 peqebene
813 3741 1089 3806 <psyebol09isclre>
1112 3741 1272 3792 Vorausset-

149 3829 218 3878 zunp
232 3815 306 3864 nieht
322 3814 443 3871 benutzt;
457 3829 486 3863 er
498 3830 554 3864 war
568 3815 645 3863 nicht
662 3814 799 3878 zufrieden
816 3814 901 3863 durch
922 3815 1009 3863 Worte
1026 3813 1069 3862 die
1082 3813 1273 3878 Leidenaelruft

148 3888 262 3950 stripern
278 3901 310 3934 zu
325 3885 424 3944 lusson,
436 3887 478 3935 ein
493 3885 662 3951 leibhastipes
685 3887 803 3936 Wunder
823 3889 920 3935 musrte
942 3885 1115 3950 parabolen...
1130 3887 1180 3936 Die
1195 3887 1273 3937 ilber-

148 3957 300 4008 coturlione
313 3958 514 4022 Einwirkunq...
529 3959 596 4009 wird
606 3960 633 4008 in
642 3958 728 4008 dieser
738 3958 919 4022 verpro'berten
928 3959 1093 4023 Auffassunq
1107 3973 1157 4007 zur
1166 3959 1274 4024 Haupt·

148 4030 235 4087 sache,
251 4029 307 4078 und
320 4045 391 4079 zwar
405 4030 432 4079 in
449 4030 546 4080 diesem
567 4028 641 4079 Folle
662 4046 745 4094 panae
760 4030 827 4079 ohne
846 4030 910 4088 Not,
928 4029 1027 4079 weitin
1042 4029 1100 4079 dem
1124 4029 1273 4081 Seelenzu·

148 4101 244 4151 stende
258 4101 305 4150 der
318 4102 419 4151 Amata
433 4103 478 4150 eie
492 4102 631 4151 Ausbruch
645 4101 690 4151 des
703 4103 801 4152 Zernes
817 4101 971 4151 corbereitet
984 4116 1046 4154 war.
1060 4120 1071 4146 a

178 4171 340 4230 2.V11,343.
356 4192 368 4218 (ι
387 4175 505 4223 Tacitum
524 4189 569 4237 pro
587 4174 703 4224 tacite».
723 4174 835 4233 Servius,
852 4175 890 4222 cui
912 4174 1047 4222 adsentitur
1060 4173 1082 4223 J.
1101 4173 1195 4227 Hannr.
1220 4175 1273 4235 Quo

148 4245 224 4294 verbo
246 4246 324 4293 noetis
345 4245 467 4293 silentium
488 4247 569 4308 potins
593 4245 726 4309 significari
753 4251 819 4309 putat
844 4245 988 4296 Comuerou.
1015 4245 1064 4307 Ego
1088 4245 1122 4294 La
1145 4246 1228 4297 Cenon
1251 4251 1276 4297 et

151 4316 232 4364 Herus
251 4329 348 4379 sequor,
367 4317 467 4364 Amatae
482 4316 618 4375 tristitiam,
639 4317 773 4380 domusque
792 4318 845 4379 ejus
865 4317 999 4375 silentium,
1020 4317 1099 4366 obiter
1117 4321 1142 4366 et
1162 4332 1212 4369 una
1234 4319 1275 4369 hic

153 4386 277 4453 designari
291 4387 455 4439 censentibus.
476 4387 514 4439 La
529 4386 610 4439 draca
626 4402 632 4437 ε
649 4406 660 4432 n
677 4386 768 4449 Quia...
784 4388 871 4438 Amata
884 4391 935 4437 tota
950 4388 1022 4440 intus
1040 4387 1193 4455 coquebatur
1205 4391 1275 4443 curis
